


@article{thy1985,
author = { Hoang   Tuy },
title = {Concave minimization under linear constraints with special structure},
journal = {Optimization},
volume = {16},
number = {3},
pages = {335-352},
year  = {1985},
publisher = {Taylor & Francis}
}

@article{liberti2019undecidability,
  title={Undecidability and hardness in mixed-integer nonlinear programming},
  author={Liberti, Leo},
  journal={RAIRO-Operations Research},
  volume={53},
  number={1},
  pages={81--109},
  year={2019},
  publisher={EDP Sciences}
}

@article{ecker1983ellipsoid,
  title={An ellipsoid algorithm for nonlinear programming},
  author={Ecker, Joseph G and Kupferschmid, Michael},
  journal={Mathematical programming},
  volume={27},
  number={1},
  pages={83--106},
  year={1983},
  publisher={Springer}
}


@article{kocis1989computational,
  title={Computational experience with DICOPT solving MINLP problems in process systems engineering},
  author={Kocis, Gary R and Grossmann, Ignacio E},
  journal={Computers \& Chemical Engineering},
  volume={13},
  number={3},
  pages={307--315},
  year={1989},
  publisher={Elsevier}
}


@article{harjunkoski2009integration,
  title={Integration of scheduling and control—Theory or practice?},
  author={Harjunkoski, Iiro and Nystr{\"o}m, Rasmus and Horch, Alexander},
  journal={Computers \& Chemical Engineering},
  volume={33},
  number={12},
  pages={1909--1918},
  year={2009},
  publisher={Elsevier}
}

@article{pistikopoulos2021process,
  title={Process systems engineering--the generation next?},
  author={Pistikopoulos, Efstratios N and Barbosa-Povoa, Ana and Lee, Jay H and Misener, Ruth and Mitsos, Alexander and Reklaitis, Gintaras V and Venkatasubramanian, Venkat and You, Fengqi and Gani, Rafiqul},
  journal={Computers \& Chemical Engineering},
  volume={147},
  pages={107252},
  year={2021},
  publisher={Elsevier}
}


@book{berthold2015heuristic,
  title={Heuristic algorithms in global MINLP solvers},
  author={Berthold, Timo},
  year={2015},
  publisher={Verlag Dr. Hut}
}

@article{belotti2009branching,
  title={Branching and bounds tighteningtechniques for non-convex MINLP},
  author={Belotti, Pietro and Lee, Jon and Liberti, Leo and Margot, Fran{\c{c}}ois and W{\"a}chter, Andreas},
  journal={Optimization Methods \& Software},
  volume={24},
  number={4-5},
  pages={597--634},
  year={2009},
  publisher={Taylor \& Francis}
}



@article{an2005dc,
author = {{Le Thi}, Hoai An and {Pham Dinh}, Tao},
doi = {10.1007/s10107-018-1235-y},
issn = {1436-4646},
journal = {Mathematical Programming},
number = {1},
pages = {5--68},
title = {{DC programming and DCA: thirty years of developments}},
volume = {169},
year = {2018}
}


@article{lasserre2002semidefinite,
  title={Semidefinite programming vs. LP relaxations for polynomial programming},
  author={Lasserre, Jean B},
  journal={Mathematics of operations research},
  volume={27},
  number={2},
  pages={347--360},
  year={2002},
  publisher={INFORMS}
}


@article{bestuzheva2021scip,
  title={The {SCIP} Optimization Suite 8.0},
  author={Bestuzheva, Ksenia and Besan{\c{c}}on, Mathieu and Chen, Wei-Kun and Chmiela, Antonia and Donkiewicz, Tim and van Doornmalen, Jasper and Eifler, Leon and Gaul, Oliver and Gamrath, Gerald and Gleixner, Ambros and others},
  journal={arXiv preprint arXiv:2112.08872},
  year={2021}
}


@article{rikun1997convex,
author = {Rikun, Anatoliy D},
doi = {10.1023/A:1008217604285},
issn = {1573-2916},
journal = {Journal of Global Optimization},
number = {4},
pages = {425--437},
title = {A Convex Envelope Formula for Multilinear Functions},
url = {https://doi.org/10.1023/A:1008217604285},
volume = {10},
year = {1997}
}


@article{falk1976successive,
author = {Falk, James E. and Hoffman, Karla R.},
title = {A Successive Underestimation Method for Concave Minimization Problems},
journal = {Mathematics of Operations Research},
volume = {1},
number = {3},
pages = {251-259},
year = {1976}
}



@Inbook{balas2001projection,
author="Balas, Egon",
editor="J{\"u}nger, Michael
and Naddef, Denis",
title="Projection and Lifting in Combinatorial Optimization",
bookTitle="Computational Combinatorial Optimization: Optimal or Provably Near-Optimal Solutions",
year="2001",
publisher="Springer Berlin Heidelberg",
address="Berlin, Heidelberg",
pages="26--56",
isbn="978-3-540-45586-8"
}



@article{hillestad1980linear,
author = {Hillestad, Richard J and Jacobsen, Stephen E},
doi = {10.1007/BF01442898},
issn = {1432-0606},
journal = {Applied Mathematics and Optimization},
number = {1},
pages = {257--269},
title = {{Linear programs with an additional reverse convex constraint}},
url = {https://doi.org/10.1007/BF01442898},
volume = {6},
year = {1980}
}


@techreport{tawarmalani2013decomposition,
  title={Decomposition techniques in convexification of inequalities},
  author={Tawarmalani, Mohit and Richard, Jean-Philippe P},
  year={2013}
}

@article{tawarmalani2005polyhedral,
  title={A polyhedral branch-and-cut approach to global optimization},
  author={Tawarmalani, Mohit and Sahinidis, Nikolaos V},
  journal={Mathematical programming},
  volume={103},
  number={2},
  pages={225--249},
  year={2005},
  publisher={Springer}
}



@phdthesis {serranothesis,
   author = {Serrano Musalem, Felipe},
   title = {On cutting planes for mixed-integer nonlinear programming},
   school = {Technische Universität Berlin},
   year = {2021},
   type = {Doctoral Thesis},
   address = {Berlin}
}

@article{Atamturk2021,
author = {Atamt{\"{u}}rk, Alper and Narayanan, Vishnu},
issn = {1436-4646},
journal = {Mathematical Programming},
title = {{Submodular function minimization and polarity}},
year = {2021}
}

@article{locatelli2014convex,
  title={On convex envelopes for bivariate functions over polytopes},
  author={Locatelli, Marco and Schoen, Fabio},
  journal={Mathematical Programming},
  volume={144},
  number={1},
  pages={65--91},
  year={2014},
  publisher={Springer}
}

@article{locatelli2018convex,
  title={{Convex envelopes of bivariate functions through the solution of KKT systems}},
  author={Locatelli, Marco},
  journal={Journal of Global Optimization},
  volume={72},
  number={2},
  pages={277--303},
  year={2018},
  publisher={Springer}
}

@article{locatelli2016polyhedral,
  title={Polyhedral subdivisions and functional forms for the convex envelopes of bilinear, fractional and other bivariate functions over general polytopes},
  author={Locatelli, Marco},
  journal={Journal of Global Optimization},
  volume={66},
  number={4},
  pages={629--668},
  year={2016},
  publisher={Springer}
}




@inbook{Nemhauser1988,
author = {Nemhauser, George and Wolsey, Laurence},
publisher = {John Wiley \& Sons, Ltd},
isbn = {9781118627372},
title = {Matroid and Submodular Function Optimization},
booktitle = {Integer and Combinatorial Optimization},
chapter = {III.3},
pages = {659-719},
year = {1988}
}


@article{ahmed2011maximizing,
  title={Maximizing a class of submodular utility functions},
  author={Ahmed, Shabbir and Atamt{\"u}rk, Alper},
  journal={Mathematical programming},
  volume={128},
  number={1},
  pages={149--169},
  year={2011},
  publisher={Springer}
}

@article{chen2009note,
  title={A note on convexity of two signomial functions},
  author={Chen, Jein-Shan and Huang, Chia-Hui},
  journal={Journal of Nonlinear and Convex Analysis},
  volume={10},
  number={3},
  pages={429--435},
  year={2009}
}

@article{maranas1995finding,
  title={Finding all solutions of nonlinearly constrained systems of equations},
  author={Maranas, Costas D and Floudas, Christodoulos A},
  journal={Journal of Global Optimization},
  volume={7},
  number={2},
  pages={143--182},
  year={1995},
  publisher={Springer}
}

@article{nguyen2018deriving,
  title={Deriving convex hulls through lifting and projection},
  author={Nguyen, Trang T and Richard, Jean-Philippe P and Tawarmalani, Mohit},
  journal={Mathematical Programming},
  volume={169},
  number={2},
  pages={377--415},
  year={2018},
  publisher={Springer}
}


@inbook{edmonds,
author = {Edmonds, Jack},
title = {Submodular Functions, Matroids, and Certain Polyhedra},
year = {2003},
isbn = {3540005803},
publisher = {Springer-Verlag},
address = {Berlin, Heidelberg},
booktitle = {Combinatorial Optimization - Eureka, You Shrink!},
pages = {11–26},
numpages = {16}
}

@book{topkis2011supermodularity,
  title={Supermodularity and complementarity},
  author={Topkis, Donald M},
  year={2011},
  publisher={Princeton university press},
  address={Princeton}
}


@article{tawarmalani2013explicit,
  title={Explicit convex and concave envelopes through polyhedral subdivisions},
  author={Tawarmalani, Mohit and Richard, Jean-Philippe P and Xiong, Chuanhui},
  journal={Mathematical Programming},
  volume={138},
  number={1},
  pages={531--577},
  year={2013},
  publisher={Springer}
}


@misc{Vigerske2022Feb,
	author = {Vigerske, Stefan},
	title = {{MINLPLib: A Library of Mixed-Integer and Continuous Nonlinear Programming Instances}},
	year = {2022},
	month = {Feb},
	note = {[Online; accessed 1. Feb. 2022]}
}

@misc{wiki,
   author = "Wikipedia",
   title = "{Homogeneous function} --- {W}ikipedia{,} The Free Encyclopedia",
   year = "2022",
   howpublished = {\url{http://en.wikipedia.org/w/index.php?title=Homogeneous\%20function&oldid=1061619792}},
   note = "[Online; accessed 13-January-2022]"
 }

@article{lubin2018polyhedral,
  title={Polyhedral approximation in mixed-integer convex optimization},
  author={Lubin, Miles and Yamangil, Emre and Bent, Russell and Vielma, Juan Pablo},
  journal={Mathematical Programming},
  volume={172},
  number={1},
  pages={139--168},
  year={2018},
  publisher={Springer}
}






@Misc{		  aps2018mosek,
  title		= {MOSEK modeling cookbook},
  author	= {ApS, Mosek},
  year		= {2018}
}




@Article{	  boyd2007tutorial,
  title		= {A tutorial on geometric programming},
  author	= {Boyd, Stephen and Kim, Seung-Jean and Vandenberghe, Lieven
		  and Hassibi, Arash},
  journal	= {Optimization and engineering},
  volume	= {8},
  number	= {1},
  pages		= {67--127},
  year		= {2007},
  publisher	= {Springer}
}



@InProceedings{chmiela2021implementation,
author="Chmiela, Antonia
and Mu{\~{n}}oz, Gonzalo
and Serrano, Felipe",
editor="Singh, Mohit
and Williamson, David P.",
title={On the Implementation and Strengthening of Intersection Cuts for {QCQPs}},
booktitle="Integer Programming and Combinatorial Optimization",
year="2021",
publisher="Springer International Publishing",
address="Cham",
pages="134--147",
isbn="978-3-030-73879-2"
}



@PHDTHESIS{chares2009cones,
  title		= {Cones and interior-point algorithms for structured convex
		  optimization involving powers and exponentials},
  author	= {Chares, Robert},
  year		= {2009},
  school	= {UCL-Universit{\'e} Catholique de Louvain Louvain-la-Neuve,
		  Belgium}
}


@Article{	  mccormick1976computability,
  title		= {{Computability of global solutions to factorable nonconvex
		  programs: Part I—Convex underestimating problems}},
  author	= {McCormick, Garth P},
  journal	= {Mathematical programming},
  volume	= {10},
  number	= {1},
  pages		= {147--175},
  year		= {1976},
  publisher	= {Springer}
}


@Book{hiriart2004fundamentals,
  title		= {Fundamentals of convex analysis},
author="Hiriart-Urruty, Jean-Baptiste
and Lemar{\'e}chal, Claude",
year="2001",
publisher="Springer Berlin Heidelberg",
address="Berlin, Heidelberg",
}

@Article{	  harjunkoski1998,
  author	= {Harjunkoski, Iiro and Westerlund, Tapio and P{\"{o}}rn,
		  Ray and Skrifvars, Hans},
  issn		= {03772217},
  journal	= {European Journal of Operational Research},
  number	= {3},
  pages		= {594--603},
  publisher	= {North-Holland},
  title		= {{Different transformations for solving non-convex
		  trim-loss problems by MINLP}},
  volume	= {105},
  year		= {1998}
}

@article{xu2014global,
  title={Global optimization of signomial geometric programming problems},
  author={Xu, Gongxian},
  journal={European journal of operational research},
  volume={233},
  number={3},
  pages={500--510},
  year={2014},
  publisher={Elsevier}
}


@Article{	  jefferson1978,
  author	= {Jefferson, TR and Scott, CH},
  issn		= {00223239},
  journal	= {Journal of Optimization Theory and Applications},
  month		= {sep},
  number	= {1},
  pages		= {117--129},
  publisher	= {Springer},
  title		= {{Generalized geometric programming applied to problems of
		  optimal control: I. Theory}},
  url		= {https://link.springer.com/article/10.1007/BF00933274},
  volume	= {26},
  year		= {1978}
}

@Article{	  jabr2007a,
  author	= {Jabr, R. A.},
  issn		= {03321649},
  journal	= {COMPEL - The International Journal for Computation and
		  Mathematics in Electrical and Electronic Engineering},
  number	= {2},
  pages		= {461--475},
  title		= {{Inductor design using signomial programming}},
  volume	= {26},
  year		= {2007}
}

@InProceedings{	  kwan2007,
  author	= {Kwan, Hing Kit and Ho, Yuen Ng Alvin and Wong, Ngai and
		  Ho, Ka Leung},
  booktitle	= {2007 International Symposium on VLSI Design, Automation
		  and Test, VLSI-DAT 2007 - Proceedings of Technical Papers},
  isbn		= {1424405831},
  title		= {{Designing globally optimal delta-sigma modulator
		  topologies via signomial programming}},
  year		= {2007}
}




@article{avriel1967,
author = {Avriel, Mordecai and Wilde, Douglass J.},
title = {Optimal Condenser Design by Geometric Programming},
journal = {Industrial \& Engineering Chemistry Process Design and Development},
volume = {6},
number = {2},
pages = {256-263},
year = {1967},
doi = {10.1021/i260022a018},
 publisher	= {American Chemical Society},
}





@article{duffin1966,
  title={Duality theory for geometric programming},
  author={Duffin, RJ and Peterson, Elmor L},
  journal={SIAM Journal on Applied Mathematics},
  volume={14},
  number={6},
  pages={1307--1349},
  year={1966},
  publisher={SIAM}
}


@Article{	  blau1971,
  author	= {Blau, Gary E. and Wilde, Douglass J.},
  issn		= {15475905},
  journal	= {AIChE Journal},
  number	= {1},
  pages		= {235--240},
  publisher	= {John Wiley & Sons, Ltd},
  title		= {{A Lagrangian algorithm for equality constrained
		  generalized polynomial optimization}},
  volume	= {17},
  year		= {1971}
}

@Article{	  bjork2002,
  author	= {Bj{\"{o}}rk, Kaj Mikael and Westerlund, Tapio},
  issn		= {00981354},
  journal	= {Computers and Chemical Engineering},
  number	= {11},
  pages		= {1581--1593},
  publisher	= {Pergamon},
  title		= {{Global optimization of heat exchanger network synthesis
		  problems with and without the isothermal mixing
		  assumption}},
  volume	= {26},
  year		= {2002}
}

@Article{	  bjork2002a,
  author	= {Bj{\"{o}}rk, Kaj Mikael and Westerlund, Tapio},
  issn		= {00981354},
  journal	= {Computers and Chemical Engineering},
  month		= {nov},
  number	= {11},
  pages		= {1581--1593},
  publisher	= {Pergamon},
  title		= {{Global optimization of heat exchanger network synthesis
		  problems with and without the isothermal mixing
		  assumption}},
  volume	= {26},
  year		= {2002}
}


@Article{	  balas1980strengthening,
  title		= {Strengthening cuts for mixed integer programs},
  author	= {Balas, Egon and Jeroslow, Robert G},
  journal	= {European Journal of Operational Research},
  volume	= {4},
  number	= {4},
  pages		= {224--234},
  year		= {1980},
  publisher	= {Elsevier}
}

@Article{	  balas2012monoidal,
  title		= {Monoidal cut strengthening revisited},
  author	= {Balas, Egon and Qualizza, Andrea},
  journal	= {Discrete Optimization},
  volume	= {9},
  number	= {1},
  pages		= {40--49},
  year		= {2012},
  publisher	= {Elsevier}
}

@Article{	  khamisov1999optimization,
  title		= {On optimization properties of functions, with a concave
		  minorant},
  author	= {Khamisov, Oleg},
  journal	= {Journal of Global Optimization},
  volume	= {14},
  number	= {1},
  pages		= {79--101},
  year		= {1999},
  publisher	= {Springer}
}


@InCollection{	  chiang2009,
  author	= {Chiang, Mung},
  pages		= {137--196},
  title		= {{Nonconvex Optimization for Communication Networks}},
  year		= {2009}
}

@Article{	  jabr2007,
  author	= {Jabr, Rabih A},
  issn		= {03321649},
  journal	= {COMPEL - The International Journal for Computation and
		  Mathematics in Electrical and Electronic Engineering},
  number	= {2},
  pages		= {461--475},
  publisher	= {Emerald Group Publishing Limited},
  title		= {{Inductor design using signomial programming}},
  volume	= {26},
  year		= {2007}
}

@Article{	  opgenoord2017,
  author	= {Opgenoord, Max M. J. and Cohen, Brian S. and Hoburg,
		  Warren W.},
  journal	= {ACDL Technical Report TR-2017-1},
  pages		= {1--23},
  title		= {Comparison of Algorithms for Including Equality
		  Constraints in Signomial Programming},
  year		= {2017}
}

@Article{	  rountree1982,
  author	= {Rountree, D. H. and Rigler, A. K.},
  issn		= {00223239},
  journal	= {Journal of Optimization Theory and Applications},
  month		= {oct},
  number	= {2},
  pages		= {169--178},
  publisher	= {Springer},
  title		= {{A penalty treatment of equality constraints in
		  generalized geometric programming}},
  url		= {https://link.springer.com/article/10.1007/BF00934080},
  volume	= {38},
  year		= {1982}
}

@Article{	  chandrasekaran2016,
  archiveprefix	= {arXiv},
  arxivid	= {1409.7640},
  author	= {Chandrasekaran, Venkat and Shah, Parikshit},
  eprint	= {1409.7640},
  issn		= {10526234},
  journal	= {SIAM Journal on Optimization},
  number	= {2},
  pages		= {1147--1173},
  publisher	= {Society for Industrial and Applied Mathematics
		  Publications},
  title		= {{Relative entropy relaxations for signomial
		  optimization}},
  volume	= {26},
  year		= {2016}
}

@article{nemhauser1990recursive,
  title={A recursive procedure to generate all cuts for 0--1 mixed integer programs},
  author={Nemhauser, George L and Wolsey, Laurence A},
  journal={Mathematical Programming},
  volume={46},
  number={1},
  pages={379--390},
  year={1990},
  publisher={Springer}
}

@article{dey2010constrained,
  title={Constrained infinite group relaxations of MIPs},
  author={Dey, Santanu S and Wolsey, Laurence A},
  journal={SIAM Journal on Optimization},
  volume={20},
  number={6},
  pages={2890--2912},
  year={2010},
  publisher={SIAM}
}

@article{cornuejols2015sufficiency,
  title={Sufficiency of cut-generating functions},
  author={Cornu{\'e}jols, G{\'e}rard and Wolsey, Laurence and Y{\i}ld{\i}z, Sercan},
  journal={Mathematical Programming},
  volume={152},
  number={1},
  pages={643--651},
  year={2015},
  publisher={Springer}
}


@incollection{richard2010group,
  title={The group-theoretic approach in mixed integer programming},
  author={Richard, Jean-Philippe P and Dey, Santanu S},
  booktitle={50 Years of Integer Programming 1958-2008},
  pages={727--801},
  year={2010},
  publisher={Springer}
}


@article{del2012relaxations,
  title={Relaxations of mixed integer sets from lattice-free polyhedra},
  author={Del Pia, Alberto and Weismantel, Robert},
  journal={4OR},
  volume={10},
  number={3},
  pages={221--244},
  year={2012},
  publisher={Springer}
}



@article{gomory1972,
author = {Gomory, Ralph E. and Johnson, Ellis L.},
doi = {10.1007/BF01584976},
journal = {Mathematical Programming},
month = {dec},
number = {1},
pages = {23--85},
publisher = {Springer-Verlag},
title = {{Some continuous functions related to corner polyhedra}},
volume = {3},
year = {1972}
}



@article{fischetti2018,
author = {Fischetti, Matteo and Ljubi{\'{c}}, Ivana and Monaci, Michele and Sinnl, Markus},
doi = {10.1007/s10107-017-1189-5},
issn = {1436-4646},
journal = {Mathematical Programming},
number = {1},
pages = {77--103},
title = {{On the use of intersection cuts for bilevel optimization}},
url = {https://doi.org/10.1007/s10107-017-1189-5},
volume = {172},
year = {2018}
}


@Article{	  basu2010,
  author	= {Basu, Amitabh and Conforti, Michele and Cornu{\'{e}}jols,
		  G{\'{e}}rard and Zambelli, Giacomo},
  issn		= {0364765X},
  journal	= {Mathematics of Operations Research},
  number	= {3},
  pages		= {704--720},
  title		= {{Maximal lattice-free convex sets in linear subspaces}},
  volume	= {35},
  year		= {2010}
}

@article{Misener2014,
author = {Misener, Ruth and Floudas, Christodoulos A},
doi = {10.1007/s10898-014-0166-2},
issn = {1573-2916},
journal = {Journal of Global Optimization},
number = {2},
pages = {503--526},
title = {{ANTIGONE: Algorithms for coNTinuous / Integer Global Optimization of Nonlinear Equations}},
url = {https://doi.org/10.1007/s10898-014-0166-2},
volume = {59},
year = {2014}
}



@article{maranas1997global,
  title={Global optimization in generalized geometric programming},
  author={Maranas, Costas D and Floudas, Christodoulos A},
  journal={Computers \& Chemical Engineering},
  volume={21},
  number={4},
  pages={351--369},
  year={1997},
  publisher={Elsevier}
}

@incollection{lundell2012global,
  title={Global optimization of mixed-integer signomial programming problems},
  author={Lundell, Andreas and Westerlund, Tapio},
  booktitle={Mixed Integer Nonlinear Programming},
  pages={349--369},
  year={2012},
  publisher={Springer}
}


@article{lundell2013reformulation,
  title={A reformulation framework for global optimization},
  author={Lundell, Andreas and Skj{\"a}l, Anders and Westerlund, Tapio},
  journal={Journal of Global Optimization},
  volume={57},
  number={1},
  pages={115--141},
  year={2013},
  publisher={Springer}
}

@article{duffin1970linearizing,
  title={Linearizing geometric programs},
  author={Duffin, Richard James},
  journal={SIAM review},
  volume={12},
  number={2},
  pages={211--227},
  year={1970},
  publisher={SIAM}
}

@article{shen2005linearization,
  title={Linearization method of global optimization for generalized geometric programming},
  author={Shen, Peiping},
  journal={Applied Mathematics and Computation},
  volume={162},
  number={1},
  pages={353--370},
  year={2005},
  publisher={Elsevier}
}

@article{Misener2014miso,
author = {Misener, Ruth and Floudas, Christodoulos A},
doi = {10.1007/s10957-013-0396-3},
issn = {1573-2878},
journal = {Journal of Optimization Theory and Applications},
number = {3},
pages = {905--932},
title = {A Framework for Globally Optimizing Mixed-Integer Signomial Programs},
url = {https://doi.org/10.1007/s10957-013-0396-3},
volume = {161},
year = {2014}
}

@inproceedings{costa2012relaxations,
  title={Relaxations of multilinear convex envelopes: dual is better than primal},
  author={Costa, Alberto and Liberti, Leo},
  booktitle={International Symposium on Experimental Algorithms},
  pages={87--98},
  year={2012},
  organization={Springer}
}

@article{tardella1988class,
  title={On a class of functions attaining their maximum at the vertices of a polyhedron},
  author={Tardella, Fabio},
  journal={Discrete applied mathematics},
  volume={22},
  number={2},
  pages={191--195},
  year={1988},
  publisher={Elsevier}
}

@article{meyer2005convex,
  title={Convex envelopes for edge-concave functions},
  author={Meyer, Clifford A and Floudas, Christodoulos A},
  journal={Mathematical programming},
  volume={103},
  number={2},
  pages={207--224},
  year={2005},
  publisher={Springer}
}

@incollection{tardella2004existence,
  title={On the existence of polyhedral convex envelopes},
  author={Tardella, Fabio},
  booktitle={Frontiers in global optimization},
  pages={563--573},
  year={2004},
  publisher={Springer}
}

@article{he2021new,
  title={A new framework to relax composite functions in nonlinear programs},
  author={He, Taotao and Tawarmalani, Mohit},
  journal={Mathematical Programming},
  volume={190},
  number={1},
  pages={427--466},
  year={2021},
  publisher={Springer}
}


@article{murray2021signomial,
  title={Signomial and polynomial optimization via relative entropy and partial dualization},
  author={Murray, Riley and Chandrasekaran, Venkat and Wierman, Adam},
  journal={Mathematical Programming Computation},
  volume={13},
  number={2},
  pages={257--295},
  year={2021},
  publisher={Springer}
}





@article{ermol1966methods,
  title={Methods of solution of nonlinear extremal problems},
  author={Ermol'ev, Yu M},
  journal={Cybernetics},
  volume={2},
  number={4},
  pages={1--14},
  year={1966},
  publisher={Springer}
}



@InProceedings{serrano2019,
author="Serrano, Felipe",
editor="Lodi, Andrea
and Nagarajan, Viswanath",
title="Intersection Cuts for Factorable {MINLP}",
booktitle="Integer Programming and Combinatorial Optimization",
year="2019",
publisher="Springer International Publishing",
address="Cham",
pages="385--398",
isbn="978-3-030-17953-3"
}



@InProceedings{dey2008,
author="Dey, Santanu S.
and Wolsey, Laurence A.",
editor="Lodi, Andrea
and Panconesi, Alessandro
and Rinaldi, Giovanni",
title="Lifting Integer Variables in Minimal Inequalities Corresponding to Lattice-Free Triangles",
booktitle="Integer Programming and Combinatorial Optimization",
year="2008",
publisher="Springer Berlin Heidelberg",
address="Berlin, Heidelberg",
pages="463--475",
isbn="978-3-540-68891-4"
}


@article{glover1973,
author = {Glover, Fred},
title = {Convexity Cuts and Cut Search},
journal = {Operations Research},
volume = {21},
number = {1},
pages = {123-134},
year = {1973},
doi = {10.1287/opre.21.1.123},
URL = { 
        https://doi.org/10.1287/opre.21.1.123
    
},
eprint = { 
        https://doi.org/10.1287/opre.21.1.123
}
}


@InProceedings{bienstock2019,
author="Bienstock, Daniel
and Chen, Chen
and Mu{\~{n}}oz, Gonzalo",
editor="Lodi, Andrea
and Nagarajan, Viswanath",
title="Intersection Cuts for Polynomial Optimization",
booktitle="Integer Programming and Combinatorial Optimization",
year="2019",
publisher="Springer International Publishing",
address="Cham",
pages="72--87",
isbn="978-3-030-17953-3"
}

@Article{balas1971,
  author	= {Balas, Egon},
  issn		= {0030-364X},
  journal	= {Operations Research},
  number	= {1},
  pages		= {19--39},
  publisher	= {Institute for Operations Research and the Management
		  Sciences (INFORMS)},
  title		= {{Intersection cuts—a new type of cutting planes for integer programming}},
  volume	= {19},
  year		= {1971}
}

@Article{	  modaresi2015,
  author	= {Modaresi, Sina and Kilin{\c{c}}, Mustafa R. and Vielma,
		  Juan Pablo},
  issn		= {01676377},
  journal	= {Operations Research Letters},
  number	= {1},
  pages		= {10--15},
  publisher	= {Elsevier},
  title		= {{Split cuts and extended formulations for Mixed Integer
		  Conic Quadratic Programming}},
  volume	= {43},
  year		= {2015}
}

@Article{	  cornuejols2015,
  author	= {Cornu{\'{e}}jols, G{\'{e}}rard and Wolsey, Laurence and
		  Yıldız, Sercan},
  issn		= {14364646},
  journal	= {Mathematical Programming},
  number	= {1-2},
  pages		= {643--651},
  publisher	= {Springer Verlag},
  title		= {{Sufficiency of cut-generating functions}},
  volume	= {152},
  year		= {2015}
}

@Article{	  andersen2010,
  author	= {Andersen, Kent and Louveaux, Quentin and Weismantel,
		  Robert},
  issn		= {0364765X},
  journal	= {Mathematics of Operations Research},
  month		= {feb},
  number	= {1},
  pages		= {233--256},
  title		= {{An analysis of mixed integer linear sets based on lattice
		  point free convex sets}},
  volume	= {35},
  year		= {2010}
}


@article{conforti2015,
author = {Conforti, Michele and Cornuéjols, Gérard and Daniilidis, Aris and Lemaréchal, Claude and Malick, Jérôme},
title = {{Cut-Generating Functions and S-Free Sets}},
journal = {Mathematics of Operations Research},
volume = {40},
number = {2},
pages = {276-391},
year = {2015},
doi = {10.1287/moor.2014.0670},
URL = { 
        https://doi.org/10.1287/moor.2014.0670
},
eprint = { 
        https://doi.org/10.1287/moor.2014.0670
}
}


@incollection{belotti2015conic,
  title={A conic representation of the convex hull of disjunctive sets and conic cuts for integer second order cone optimization},
  author={Belotti, Pietro and G{\'o}ez, Julio C and P{\'o}lik, Imre and Ralphs, Ted K and Terlaky, Tam{\'a}s},
  booktitle={Numerical Analysis and Optimization},
  pages={1--35},
  year={2015},
  publisher={Springer}
}



@InProceedings{andersen2013,
author="Andersen, Kent
and Jensen, Anders Nedergaard",
editor="Goemans, Michel
and Correa, Jos{\'e}",
title="Intersection Cuts for Mixed Integer Conic Quadratic Sets",
booktitle="Integer Programming and Combinatorial Optimization",
year="2013",
publisher="Springer Berlin Heidelberg",
address="Berlin, Heidelberg",
pages="37--48",
isbn="978-3-642-36694-9"
}



@InProceedings{andersen2007,
author="Andersen, Kent
and Louveaux, Quentin
and Weismantel, Robert
and Wolsey, Laurence A.",
editor="Fischetti, Matteo
and Williamson, David P.",
title="Inequalities from Two Rows of a Simplex Tableau",
booktitle="Integer Programming and Combinatorial Optimization",
year="2007",
publisher="Springer Berlin Heidelberg",
address="Berlin, Heidelberg",
pages="1--15",
isbn="978-3-540-72792-7"
}

@Article{	  modaresi2016,
  archiveprefix	= {arXiv},
  arxivid	= {1302.2556},
  author	= {Modaresi, Sina and Kılın{\c{c}}, Mustafa R. and Vielma,
		  Juan Pablo},
  eprint	= {1302.2556},
  issn		= {14364646},
  journal	= {Mathematical Programming},
  number	= {1-2},
  pages		= {575--611},
  publisher	= {Springer Verlag},
  title		= {{Intersection cuts for nonlinear integer programming:
		  convexification techniques for structured sets}},
  volume	= {155},
  year		= {2016}
}


@article{fischetti2020,
title = {A branch-and-cut algorithm for Mixed-Integer Bilinear Programming},
journal = {European Journal of Operational Research},
volume = {282},
number = {2},
pages = {506-514},
year = {2020},
issn = {0377-2217},
doi = {https://doi.org/10.1016/j.ejor.2019.09.043},
url = {https://www.sciencedirect.com/science/article/pii/S0377221719308008},
author = {Matteo Fischetti and Michele Monaci},
}



@article{kilinc-karzan2016,
author = {Kılınç-Karzan, Fatma},
title = {On Minimal Valid Inequalities for Mixed Integer Conic Programs},
journal = {Mathematics of Operations Research},
volume = {41},
number = {2},
pages = {477-510},
year = {2016},
doi = {10.1287/moor.2015.0737},

URL = { 
        https://doi.org/10.1287/moor.2015.0737
    
},
eprint = { 
        https://doi.org/10.1287/moor.2015.0737
    
}
}




@Book{conforti2014,
  title		= {Integer programming},
  author	= {Conforti, Michele
and Cornu{\'e}jols, G{\'e}rard
and Zambelli, Giacomo},
year="2014",
publisher="Springer International Publishing",
address="Cham",
}




@Article{	  barker1981theory,
  title		= {Theory of cones},
  author	= {Barker, George Phillip},
  journal	= {Linear Algebra and its Applications},
  volume	= {39},
  pages		= {263--291},
  year		= {1981},
  publisher	= {Elsevier}
}

@Article{	  basu2010a,
  author	= {Basu, Amitabh and Conforti, Michele and Cornu{\'{e}}jols,
		  G{\'{e}}rard and Zambelli, Giacomo},
  issn		= {08954801},
  journal	= {SIAM Journal on Discrete Mathematics},
  number	= {1},
  pages		= {158--168},
  title		= {{Minimal inequalities for an infinite relaxation of
		  integer programs}},
  volume	= {24},
  year		= {2010}
}



@Article{	  borozan2009,
  author	= {Borozan, Valentin and Cornu{\'{e}}jols, G{\'{e}}rard},
  issn		= {0364765X},
  journal	= {Mathematics of Operations Research},
  month		= {aug},
  number	= {3},
  pages		= {538--546},
  title		= {{Minimal valid inequalities for integer constraints}},
  volume	= {34},
  year		= {2009}
}

@Article{vigerske2017,
  author	= {Vigerske, Stefan and Gleixner, Ambros},
  issn		= {10294937},
  journal	= {Optimization Methods and Software},
  month		= {may},
  number	= {3},
  pages		= {563--593},
  publisher	= {Taylor & Francis},
  title		= {{SCIP: global optimization of mixed-integer nonlinear
		  programs in a branch-and-cut framework}},
  url		= {https://www.tandfonline.com/doi/abs/10.1080/10556788.2017.1335312},
  volume	= {33},
  year		= {2018}
}



@article{lundell2018,
  title={Solving global optimization problems using reformulations and signomial transformations},
  author={Lundell, Andreas and Westerlund, Tapio},
  journal={Computers \& Chemical Engineering},
  volume={116},
  pages={122--134},
  year={2018},
  publisher={Elsevier}
}






@Article{	  bienstock2020,
  archiveprefix	= {arXiv},
  arxivid	= {1610.04604},
  author	= {Bienstock, Daniel and Chen, Chen and Mu{\~{n}}oz, Gonzalo},
  eprint	= {1610.04604},
  issn		= {14364646},
  journal	= {Mathematical Programming},
  number	= {1-2},
  pages		= {105--148},
  publisher	= {Springer},
  title		= {{Outer-product-free sets for polynomial optimization and
		  oracle-based cuts}},
  volume	= {183},
  year		= {2020}
}

@article{towle2021intersection,
  title={Intersection disjunctions for reverse convex sets},
  author={Towle, Eli and Luedtke, James},
  journal={Mathematics of Operations Research},
volume = {47},
number = {1},
pages = {297-319},
year = {2022},
  publisher={INFORMS}
}



@article{klnc-karzan2015,
author = {Kılın{\c{c}}-Karzan, Fatma and Yıldız, Sercan},
journal = {Mathematical Programming},
number = {1-2},
pages = {463--491},
publisher = {Springer Verlag},
title = {{Two-term disjunctions on the second-order cone}},
volume = {154},
year = {2015}
}


@article{gomory1969some,
  title={Some polyhedra related to combinatorial problems},
  author={Gomory, Ralph E},
  journal={Linear algebra and its applications},
  volume={2},
  number={4},
  pages={451--558},
  year={1969},
  publisher={Elsevier}
}

@incollection{gomory1963algorithm,
author="Gomory, Ralph E.",
editor="J{\"u}nger, Michael
and Liebling, Thomas M.
and Naddef, Denis
and Nemhauser, George L.
and Pulleyblank, William R.
and Reinelt, Gerhard
and Rinaldi, Giovanni
and Wolsey, Laurence A.",
title="Outline of an Algorithm for Integer Solutions to Linear Programs and An Algorithm for the Mixed Integer Problem",
bookTitle="50 Years of Integer Programming 1958-2008: From the Early Years to the State-of-the-Art",
year="2010",
publisher="Springer Berlin Heidelberg",
address="Berlin, Heidelberg",
pages="77--103",
}




@article{conforti2011,
title = {Corner polyhedron and intersection cuts},
journal = {Surveys in Operations Research and Management Science},
volume = {16},
number = {2},
pages = {105-120},
year = {2011},
issn = {1876-7354},
author = {Michele Conforti and Gérard Cornuéjols and Giacomo Zambelli},
}


@Article{	  balas2015intersection,
  title		= {Intersection cuts—standard versus restricted},
  author	= {Balas, Egon and Kis, Tam{\'a}s},
  journal	= {Discrete Optimization},
  volume	= {18},
  pages		= {189--192},
  year		= {2015},
  publisher	= {Elsevier}
}

@article{press2007chapter,
  title={Chapter 9: Root finding and nonlinear sets of equations},
  author={Press, William H and Teukolsky, Saul A and Vetterling, William T and Flannery, BP},
  journal={Book: Numerical Recipes: The Art of Scientific Computing, New York, Cambridge University Press,},
  volume={10},
  year={2007}
}


@Article{	  basu2019,
  author	= {Basu, Amitabh and Dey, Santanu S. and Paat, Joseph},
  issn		= {08954801},
  journal	= {SIAM Journal on Discrete Mathematics},
  number	= {2},
  pages		= {755--783},
  publisher	= {Society for Industrial and Applied Mathematics
		  Publications},
  title		= {{Nonunique lifting of integer variables in minimal
		  inequalities}},
  volume	= {33},
  year		= {2019}
}

@incollection{rockafellar2015convex,
  title={Convex analysis},
  author={Rockafellar, Ralph Tyrell},
  booktitle={Convex analysis},
  year={2015},
  publisher={Princeton university press}
}


@article{minlplib,
  title={MINLPLib—a collection of test models for mixed-integer nonlinear programming},
  author={Bussieck, Michael R and Drud, Arne Stolbjerg and Meeraus, Alexander},
  journal={INFORMS Journal on Computing},
  volume={15},
  number={1},
  pages={114--119},
  year={2003},
  publisher={INFORMS}
}


@article{liberti2003convex,
  title={Convex envelopes of monomials of odd degree},
  author={Liberti, Leo and Pantelides, Constantinos C},
  journal={Journal of Global Optimization},
  volume={25},
  number={2},
  pages={157--168},
  year={2003},
  publisher={Springer}
}


@article{couenne,
  title={Branching and bounds tighteningtechniques for non-convex MINLP},
  author={Belotti, Pietro and Lee, Jon and Liberti, Leo and Margot, Fran{\c{c}}ois and W{\"a}chter, Andreas},
  journal={Optimization Methods \& Software},
  volume={24},
  number={4-5},
  pages={597--634},
  year={2009},
  publisher={Taylor \& Francis}
}


@article{minlpsurveyAN,
  title={Mixed-integer nonlinear optimization},
  author={Belotti, Pietro and Kirches, Christian and Leyffer, Sven and Linderoth, Jeff and Luedtke, James and Mahajan, Ashutosh},
  journal={Acta Numerica},
  volume={22},
  pages={1--131},
  year={2013},
  publisher={Cambridge University Press}
}


@incollection{leoinbook,
        crossref = {leonelson},
         author  = {Liberti, Leo},
         title   = {Writing global optimization software},
         pages   = {211-262}
}

@book{leonelson,
         key     = {leonelson},
         editor  = {Liberti, Leo and Maculan, Nelson},
         booktitle = {Global Optimization: from Theory to Implementation},
         title   = {Global Optimization: from Theory to Implementation},
         year    = {2006},
         publisher = {Springer},
         address = {Berlin}
}

@article{al1983jointly,
  title={Jointly constrained biconvex programming},
  author={Al-Khayyal, Faiz A and Falk, James E},
  journal={Mathematics of Operations Research},
  volume={8},
  number={2},
  pages={273--286},
  year={1983},
  publisher={INFORMS}
}



@article{barrera2022convex,
author = {Barrera, Javiera and Moreno, Eduardo and Mu{\~{n}}oz, Gonzalo},
issn = {1862-4480},
journal = {Optimization Letters},
title = {{Convex envelopes for ray-concave functions}},
year = {2022}
}


@article{anstreicher2021convex,
  title={Convex hull representations for bounded products of variables},
  author={Anstreicher, Kurt M and Burer, Samuel and Park, Kyungchan},
  journal={Journal of Global Optimization},
  volume={80},
  number={4},
  pages={757--778},
  year={2021},
  publisher={Springer}
}

@article{wang2022weighted,
  title={Weighted Geometric Mean, Minimum Mediated Set, and Optimal Second-Order Cone Representation},
  author={Wang, Jie},
  journal={arXiv preprint arXiv:2206.05924},
  year={2022}
}

@article{conforti2019facet,
  title={{“Facet” separation with one linear program}},
  author={Conforti, Michele and Wolsey, Laurence A},
  journal={Mathematical Programming},
  volume={178},
  number={1},
  pages={361--380},
  year={2019},
  publisher={Springer}
}



@article{iwata2008submodular,
  title={Submodular function minimization},
  author={Iwata, Satoru},
  journal={Mathematical Programming},
  volume={112},
  number={1},
  pages={45--64},
  year={2008},
  publisher={Springer}
}




@book{fujishige2005submodular,
  title={Submodular functions and optimization},
  author={Fujishige, Satoru},
  year={2005},
  publisher={Elsevier}
}


@article{nemhauser1978analysis,
  title={An analysis of approximations for maximizing submodular set functions—I},
  author={Nemhauser, George L and Wolsey, Laurence A and Fisher, Marshall L},
  journal={Mathematical programming},
  volume={14},
  number={1},
  pages={265--294},
  year={1978},
  publisher={Springer}
}

@article{murota1998discrete,
  title={Discrete convex analysis},
  author={Murota, Kazuo},
  journal={Mathematical Programming},
  volume={83},
  pages={313--371},
  year={1998},
  publisher={Springer}
}


%%%%%%%%%%%%%%%%%%%%%%%%%%  OMEGA %%%%%%%%%%%%%%%%%%%%%%%%%%%%%%%%%%%
@article{Carrizosa16,
    author={R. Blanquero and E. Carrizosa and G. Boglárka},
    title={Maximal covering location problems on networks with regional demand},
    year=2016,
    journal={Omega},
    volume=64,
    pages={77-85}
}

@article{Gusev20,
    author={V.V. Gusev},
    title={The vertex cover game: {A}pplication to transport networks},
    journal={Omega},
    year=2020,
   volume=97,
   note=102102
}



%%%%%%%%%%%%%%%%%%%%%%%%%%%%%%%%%%%%%%%%%%%%%%%%%%%%%%%%%%%%%%%%%%%%%%%%

@article{obnoxious,
author = {Church, Richard L. and Garfinkel, Robert S.},
title = {Locating an Obnoxious Facility on a Network},
journal = {Transportation Science},
volume = {12},
number = {2},
pages = {107-118},
year = {1978}
}

@book{wolsey,
	Author = {L.A. Wolsey},
	Publisher = {John Wiley \& Sons},
	Title = {Integer Programming},
	Year = {1998}}
	
@book{cormen2009introduction,
  title={Introduction to algorithms},
  author={Cormen, Thomas H and Leiserson, Charles E and Rivest, Ronald L and Stein, Clifford},
  year={2009},
  publisher={MIT press}
}
@incollection{chapter-marin,
    author={S. García and A. Marín},
    booktitle={Location Science},
    title={Covering location problems},
    year={2019},
    editor={G. Laporte and S. Nickel and F. Saldanha da Gama},
    pages={99-119},
    publisher={Springer, 2nd edition}
}
@incollection{chapter-plastria,
    author={F. Plastria},
    booktitle={Facility location: applications and theory},
    title={Continuous covering location problems},
    year={2002},
    editor={Z.Drezner and H.Hamacher},
    pages={37-79},
    publisher={Springer}
}
@book{LaporteBook19,
  editor={G. Laporte and S. Nickel and F. Saldanha da Gama},   
  title = {Location Science},
  edition={Second},
  Publisher={Springer Nature Switzerland},
  note={ISBN 978-3-030-32176-5},
  Year = {2019}}


@article{Hartmann21,
  title={Continuous facility location on graphs},
  author={Hartmann, Tim A and Lendl, Stefan and Woeginger, Gerhard J},
  journal={Mathematical Programming},
  volume={192},
  number={1},
  pages={207--227},
  year={2022},
  publisher={Springer}
}

@article{Hamacher20,
    author={N. Fr\"ohlich and A. Maier and H.W. Hamacher},
    year=2020,
    journal={Networks},
    volume=75,
    number=3,
    title={Covering edges in networks},
    pages={278-290}
}
@article{Kalsics,
    author={O. Berman and J. Kalcsics and D. Krass},
    title={On covering location problems on networks with edge demand},
    year=2016,
    journal={ Computers \& Operations Research},
    pages={214-227},
    volume=74
}
@article{Baldomero,
    author={M. Baldomero-Naranjo and J. Kalcsics and A.M. Rodríguez-Chía},
    title={Minmax regret maximal covering location problems with edge demands},
    year=2021,
    journal={Computers \& Operations Research},
    pages={105181},
    volume=130
}

@article{Ljubic2006,
author = {Ljubi{\'{c}}, Ivana and Weiskircher, Ren{\'{e}} and Pferschy, Ulrich and Klau, Gunnar W and Mutzel, Petra and Fischetti, Matteo},
journal = {Mathematical Programming},
number = {2},
pages = {427--449},
title = {{An Algorithmic Framework for the Exact Solution of the Prize-Collecting Steiner Tree Problem}},
volume = {105},
year = {2006}
}

%%%%%%%%%%%%%%%%%%%%%%%%%%%%%%%%%%%%%%%%%%%%%%%%%%%%%%%%%%%%%%%%%%%%%%%tool %
@article{DunningHuchetteLubin2017,
author = {Iain Dunning and Joey Huchette and Miles Lubin},
title = {JuMP: A Modeling Language for Mathematical Optimization},
journal = {SIAM Review},
volume = {59},
number = {2},
pages = {295-320},
year = {2017},
}

@InProceedings{SciPyProceedings_11,
  author =       {Aric A. Hagberg and Daniel A. Schult and Pieter J. Swart},
  title =        {Exploring Network Structure, Dynamics, and Function using NetworkX},
  booktitle =   {Proceedings of the 7th Python in Science Conference},
  pages =     {11 - 15},
  address = {Pasadena, CA USA},
  year =      {2008},
  editor =    {Ga\"el Varoquaux and Travis Vaught and Jarrod Millman},
}
%%%%%%%%%%%%%%%%%%%%%%%%%%   APPLICATIONS  %%%%%%%%%%%%%%%%%%%%%%%%%%%
@article{worm,
    author={S.G. Shirinivas and S. Vetrivel and N.M. Elango},
    title={Applications of graph theory in computer science an overview},
    journal={International Journal of Engineering Science and Technology},
    year=2010,
    volume=2,
    number=9,
    pages={4610-4621}
}

@article{crane,
title = {Covering polygons with discs: The problem of crane selection and location on construction sites},
journal = {Omega},
volume = {97},
pages = {102114},
year = {2020},
issn = {0305-0483},
author = {Dirk Briskorn and Michael Dienstknecht},
}


@article{military,
title = {Robust, multi-objective optimization for the military medical evacuation location-allocation problem},
journal = {Omega},
volume = {97},
pages = {102088},
year = {2020},
issn = {0305-0483},
author = {Phillip R. Jenkins and Brian J. Lunday and Matthew J. Robbins}
}


@article{health,
    title={ A simple search heuristic for the MCLP: application to the location of ambulance bases in a rural region},
    author={B. Adenso-Díaz and F. Rodríguez},
    journal={Omega},
    year=1997,
    volume=25,
    pages={181–187}
}

@article{homeland,
    title={Location optimization of strategic alert sites for homeland defense},
    author={J.E. Bell and S.E. Griffis and W.A. Cunningham and J.A. Eberlan},
    journal={Omega},
    year=2011,
    volume=39,
    pages={151–158}
}

@techreport{liding,
    author={L. Xu},
    title={Optimal Location of Safety Landing Sites},
    institution={LIX, École Polytechnique},
    year={2021},
    note={hal-03286640}
}



%%%%%%%%%%%%%%%%%%%%%%%%%%% OLD PAPERS %%%%%%%%%%%%%%%%%%%%%%%%%%%%%%%%
@article{Church74,
    author={R.L. Church and C. Revelle},
    year=1979,
    title={The maximal covering location problem}, 
    journal={Papers of the Regional Science Association}, 
    volume=32,
    pages={101–118}
}
@article{Toregas72,
    author={C. Toregas and C. ReVelle},
    year=1972, 
    title={Optimal location under time or distance constraints},
    Journal={Papers of the Regional Science Association},
    volume={28},
    number=1, 
    pages={131-143},
    publisher={Springer-Verlag}}
    
@article{Gurevich84,
    author={Y. Gurevich and L. Stockmeyer and U. Vishkin},
    year=1984,
    title={Solving {NP}-hard problems on graphs that are almost trees and an application to facility location problems},
    journal={Journal of the ACM (JACM)},
    volume=31,
    number=3,
    pages={459-473}
}
  
@article{Church79,
    author={R.L. Church and M.E. Meadows},
    year=1979,
    title={Location modeling utilizing maximum service distance criteria}, 
    journal={Geographical Analysis}, 
    volume=11,
    number={4}, 
    pages={358-373}
}

@article{Tamir87,
    author={A. Tamir},
    title={On the solution value of the continuous $p$-center location problem on a graph},
    journal={Mathematics of operations research},
    year={1987},
    volume=12,
    number=2,
    pages={340-349}
}
@article{Handler85,
    author={G.Y. Handler and  M. Rozman},
    year={1985},
    title={The continuous $m$‐center problem on a network},
    journal={Networks},
    volume=15,
    number=2,
    pages={191-204}
}
@article{Minieka77,
    author={E. Minieka},
    year={1977},
    title={The centers and medians of a graph},
    journal={Operations Research},
    volume=25,
    number=4, 
    pages={641-650}
}
@article{Christofides77,
    author={N. Christofides and P. Viola},
    year=1971,
    title={The optimum location of multi-centres on a graph},
    journal={Journal of the Operational Research Society},
    volume=22,
    number=2,
    pages={145-154}
}
@article{Garfinkel77,
    author={R.S. Garfinkel and A.W. Neebe and M.R. Rao},
    year=1977,
    title={The $m$-Center Problem: Minimax Facility Location},
    journal={Management Science},
    volume=23,
    number=10,
    pages={1133-1142}
}
%%%%%%%%%%%%%%%%%%%%%%%%%%%%%%%%%%%%%%%%%%%%%%%%%%%%%%%%%%%%%%%%%%%%%%%%

@article{baldomero2022upgrading,
title = {Upgrading edges in the maximal covering location problem},
journal = {European Journal of Operational Research},
volume = {303},
number = {1},
pages = {14-36},
year = {2022},
issn = {0377-2217},
author = {Marta Baldomero-Naranjo and Jörg Kalcsics and Alfredo Marín and Antonio M. Rodríguez-Chía},
}

@article{wang2021emergency,
  title={Emergency facility location problems in logistics: Status and perspectives},
  author={Wang, Wei and Wu, Shining and Wang, Shuaian and Zhen, Lu and Qu, Xiaobo},
  journal={Transportation research part E: logistics and transportation review},
  volume={154},
  pages={102465},
  year={2021},
  publisher={Elsevier}
}

@article{grigoriev2021dispersing,
  title={Dispersing obnoxious facilities on a graph},
  author={Grigoriev, Alexander and Hartmann, Tim A and Lendl, Stefan and Woeginger, Gerhard J},
  journal={Algorithmica},
  volume={83},
  number={6},
  pages={1734--1749},
  year={2021},
  publisher={Springer}
}

@article{church2022review,
  title={Review of obnoxious facilities location problems},
  author={Church, Richard L and Drezner, Zvi},
  journal={Computers \& Operations Research},
  volume={138},
  pages={105468},
  year={2022},
  publisher={Elsevier}
}

@article{bansal2017planar,
  title={Planar maximum coverage location problem with partial coverage and rectangular demand and service zones},
  author={Bansal, Manish and Kianfar, Kiavash},
  journal={INFORMS Journal on Computing},
  volume={29},
  number={1},
  pages={152--169},
  year={2017},
  publisher={INFORMS}
}



@article{kalczynski2022obnoxious,
  title={The Obnoxious Facilities Planar p-Median Problem with Variable Sizes},
  author={Kalczynski, Pawel and Drezner, Zvi},
  journal={Omega},
  volume={111},
  pages={102639},
  year={2022},
  publisher={Elsevier}
}

@article{drezner2019planar,
  title={The planar multiple obnoxious facilities location problem: A Voronoi based heuristic},
  author={Drezner, Zvi and Kalczynski, Pawel and Salhi, Said},
  journal={Omega},
  volume={87},
  pages={105--116},
  year={2019},
  publisher={Elsevier}
}


@article{drezner2018weber,
  title={The Weber obnoxious facility location model: A big arc small arc approach},
  author={Drezner, Tammy and Drezner, Zvi and Sch{\"o}bel, Anita},
  journal={Computers \& Operations Research},
  volume={98},
  pages={240--250},
  year={2018},
  publisher={Elsevier}
}

@article{kalczynski2021obnoxious,
  title={The obnoxious facilities planar p-median problem},
  author={Kalczynski, Pawel and Drezner, Zvi},
  journal={OR Spectrum},
  volume={43},
  number={2},
  pages={577--593},
  year={2021},
  publisher={Springer}
}

@article{puerto2018extensive,
  title={Extensive facility location problems on networks: an updated review},
  author={Puerto, Justo and Ricca, Federica and Scozzari, Andrea},
  journal={Top},
  volume={26},
  number={2},
  pages={187--226},
  year={2018},
  publisher={Springer}
}

@Inbook{Schobel2019,
author="Sch{\"o}bel, Anita",
editor="Laporte, Gilbert
and Nickel, Stefan
and Saldanha da Gama, Francisco",
title="Locating Dimensional Facilities in a Continuous Space",
bookTitle="Location Science",
year="2019",
publisher="Springer International Publishing",
address="Cham",
pages="143--184",
}

@article{cordeau2019benders,
  title={Benders decomposition for very large scale partial set covering and maximal covering location problems},
  author={Cordeau, Jean-Fran{\c{c}}ois and Furini, Fabio and Ljubi{\'c}, Ivana},
  journal={European Journal of Operational Research},
  volume={275},
  number={3},
  pages={882--896},
  year={2019},
  publisher={Elsevier}
}

@article{bucarey2022benders,
  title={Benders decomposition for network design covering problems},
  author={Bucarey, V{\'\i}ctor and Fortz, Bernard and Gonz{\'a}lez-Blanco, Natividad and Labb{\'e}, Martine and Mesa, Juan A},
  journal={Computers \& Operations Research},
  volume={137},
  pages={105417},
  year={2022},
  publisher={Elsevier}
}

@article{berman2016covering,
  title={On covering location problems on networks with edge demand},
  author={Berman, Oded and Kalcsics, J{\"o}rg and Krass, Dmitry},
  journal={Computers \& Operations Research},
  volume={74},
  pages={214--227},
  year={2016},
  publisher={Elsevier}
}

@article{sadigh2010mixed,
  title={A mixed integer linear program and tabu search approach for the complementary edge covering problem},
  author={Sadigh, Ali Naimi and Mozafari, Marzieh and Kashan, Ali Husseinzadeh},
  journal={Advances in Engineering Software},
  volume={41},
  number={5},
  pages={762--768},
  year={2010},
  publisher={Elsevier}
}


@article{akgun2015risk,
  title={Risk based facility location by using fault tree analysis in disaster management},
  author={Akg{\"u}n, {\.I}brahim and G{\"u}m{\"u}{\c{s}}bu{\u{g}}a, Ferhat and Tansel, Barbaros},
  journal={Omega},
  volume={52},
  pages={168--179},
  year={2015},
  publisher={Elsevier}
}


@article{paul2017multiobjective,
  title={A multiobjective, maximal conditional covering location problem applied to the relocation of hierarchical emergency response facilities},
  author={Paul, Nicholas R and Lunday, Brian J and Nurre, Sarah G},
  journal={Omega},
  volume={66},
  pages={147--158},
  year={2017},
  publisher={Elsevier}
}

@article{fukunaga2016covering,
  title={Covering problems in edge-and node-weighted graphs},
  author={Fukunaga, Takuro},
  journal={Discrete Optimization},
  volume={20},
  pages={40--61},
  year={2016},
  publisher={Elsevier}
}

@article{berman2011big,
  title={Big segment small segment global optimization algorithm on networks},
  author={Berman, Oded and Drezner, Zvi and Krass, Dmitry},
  journal={Networks},
  volume={58},
  number={1},
  pages={1--11},
  year={2011},
  publisher={Wiley Online Library}
}

@article{hudec1994confined,
  title={Confined location of facilities on a graph},
  author={Hudec, O},
  journal={Optimization},
  volume={28},
  number={3-4},
  pages={333--338},
  year={1994},
  publisher={Taylor \& Francis}
}



%%%%%%%%%%%%%%%%%%%%%%%%%%% network



@article{BelaidouniB07,
  author    = {Meriema Belaidouni and
               Walid Ben{-}Ameur},
  title     = {On the minimum cost multiple-source unsplittable flow problem},
  journal   = {{RAIRO} Oper. Res.},
  volume    = {41},
  number    = {3},
  pages     = {253--273},
  year      = {2007},
  url       = {https://doi.org/10.1051/ro:2007023},
  doi       = {10.1051/ro:2007023},
  timestamp = {Wed, 02 Sep 2020 13:28:55 +0200},
  biburl    = {https://dblp.org/rec/journals/rairo/BelaidouniB07.bib},
  bibsource = {dblp computer science bibliography, https://dblp.org}
}
@Article{	  fragouli2008,
  author	= {Fragouli, Christina and Widmer, J{\"{o}}rg and {Le
		  Boudec}, Jean Yves},
  issn		= {10636692},
  journal	= {IEEE/ACM Transactions on Networking},
  number	= {2},
  pages		= {450--463},
  title		= {{Efficient broadcasting using network coding}},
  volume	= {16},
  year		= {2008}
}
 
@PhDThesis{	  cordero2011link,
  author	= {Cordero, Juan Antonio},
  number	= {June 2011},
  school	= {{\'{E}}cole Polytechnique},
  title		= {{Link-state routing optimization for compound autonomous
		  systems in the internet}},
  year		= {2011}
}


@article{  xin2011interference,
author = {Xin, Yan and Wang, Xiaodong and Leus, Geert and Yue, Guosen and Jiang, Jinhua},
doi = {10.1155/2010/687649},
issn = {1687-1499},
journal = {EURASIP Journal on Wireless Communications and Networking},
number = {1},
title = {{Interference management in wireless communication systems: Theory and applications}},
url = {https://doi.org/10.1155/2010/687649},
volume = {2010},
year = {2011}
}





@Article{	  gope2015bsn,
  author	= {Gope, Prosanta and Hwang, Tzonelih},
  issn		= {1530437X},
  journal	= {IEEE Sensors Journal},
  number	= {5},
  pages		= {1368--1376},
  publisher	= {IEEE},
  title		= {{BSN-Care: A secure IoT-based modern healthcare system
		  using body sensor network}},
  volume	= {16},
  year		= {2016}
}

@inproceedings{bliek1u2014solving,
  title={Solving mixed-integer quadratic programming problems with {IBM-CPLEX}: A progress report},
  author={Bliek, Christian and Bonami, Pierre and Lodi, Andrea},
  booktitle={Proceedings of the twenty-sixth RAMP Symposium},
  pages={16--17},
  year={2014}
}

@TechReport{	  hagberg2008exploring,
  author	= {Hagberg, A A and Schult, D A and Swart, P J},
  booktitle	= {7th Python in Science Conference (SciPy 2008)},
  institution	= {Los Alamos National Lab.(LANL), Los Alamos, NM (United
		  States)},
  pages		= {11--15},
  title		= {{Exploring network structure, dynamics, and function using
		  NetworkX}},
  year		= {2008}
}

@InProceedings{	  ni2006routing,
  author	= {Ni, Bin and Santhapuri, Naveen and Zhong, Zifei and
		  Nelakuditi, Srihari},
  booktitle	= {2006 2nd IEEE Workshop on Wireless Mesh Networks, WiMESH
		  2006},
  isbn		= {142440732X},
  organization	= {IEEE},
  pages		= {157--159},
  title		= {{Routing with opportunistically coded exchanges in
		  wireless mesh networks}},
  year		= {2006}
}

@InProceedings{	  gupta2019dynamic,
  author	= {Gupta, Maanak and Benson, James and Patwa, Farhan and
		  Sandhu, Ravi},
  booktitle	= {CODASPY 2019 - Proceedings of the 9th ACM Conference on
		  Data and Application Security and Privacy},
  isbn		= {9781450360999},
  pages		= {61--72},
  title		= {{Dynamic groups and attribute-based access control for
		  next-generation smart cars}},
  year		= {2019}
}

@Article{	  kim2018empirical,
  author	= {Kim, Jonghyuk and Hwangbo, Hyunwoo and Kim, Soyean},
  issn		= {15501477},
  journal	= {International Journal of Distributed Sensor Networks},
  number	= {1},
  pages		= {1550147718755290},
  publisher	= {SAGE Publications Sage UK: London, England},
  title		= {{An empirical study on real-time data analytics for
		  connected cars: Sensor-based applications for smart cars}},
  volume	= {14},
  year		= {2018}
}

@InProceedings{	  pacheco2016iot,
  author	= {Pacheco, Jesus and Satam, Shalaka and Hariri, Salim and
		  Grijalva, Clarisa and Berkenbrock, Helena},
  booktitle	= {IEEE International Conference on Intelligence and Security
		  Informatics: Cybersecurity and Big Data, ISI 2016},
  isbn		= {9781509038657},
  organization	= {IEEE},
  pages		= {237--242},
  title		= {{IoT Security Development Framework for building
		  trustworthy Smart car services}},
  year		= {2016}
}

@Article{	  yaqoob2017enabling,
  author	= {Yaqoob, Ibrar and Hashem, Ibrahim Abaker Targio and
		  Mehmood, Yasir and Gani, Abdullah and Mokhtar, Salimah and
		  Guizani, Sghaier},
  issn		= {01636804},
  journal	= {IEEE Communications Magazine},
  number	= {1},
  pages		= {112--120},
  publisher	= {IEEE},
  title		= {{Enabling communication technologies for smart cities}},
  volume	= {55},
  year		= {2017}
}

@Article{	  lu2017collaborative,
  author	= {Lu, Weidang and Gong, Yi and Liu, Xin and Wu, Jiaying and
		  Peng, Hong},
  issn		= {15513203},
  journal	= {IEEE Transactions on Industrial Informatics},
  number	= {4},
  pages		= {1585--1593},
  publisher	= {IEEE},
  title		= {{Collaborative energy and information transfer in green
		  wireless sensor networks for smart cities}},
  volume	= {14},
  year		= {2018}
}

@Article{	  biswas2004opportunistic,
  author	= {Javidi, Tara and {Van Buhler}, Eric},
  issn		= {15540588},
  journal	= {Foundations and Trends in Networking},
  number	= {1-2},
  pages		= {1--137},
  publisher	= {ACM New York, NY, USA},
  title		= {{Opportunistic routing in wireless networks}},
  volume	= {11},
  year		= {2016}
}



@InProceedings{	  rahimi2018novel,
  archiveprefix	= {arXiv},
  arxivid	= {1807.03065},
  author	= {Rahimi, Hamed and Zibaeenejad, Ali and Safavi, Ali Akbar},
  booktitle	= {2018 IEEE 9th Annual Information Technology, Electronics
		  and Mobile Communication Conference, IEMCON 2018},
  eprint	= {1807.03065},
  isbn		= {9781538672662},
  organization	= {IEEE},
  pages		= {81--88},
  title		= {{A novel IoT architecture based on 5G-IoT and next
		  generation technologies}},
  year		= {2019}
}

@Article{	  raza2017low,
  archiveprefix	= {arXiv},
  arxivid	= {1606.07360},
  author	= {Raza, Usman and Kulkarni, Parag and Sooriyabandara,
		  Mahesh},
  eprint	= {1606.07360},
  issn		= {1553877X},
  journal	= {IEEE Communications Surveys and Tutorials},
  number	= {2},
  pages		= {855--873},
  publisher	= {IEEE},
  title		= {{Low power wide area networks: An overview}},
  volume	= {19},
  year		= {2017}
}

@INPROCEEDINGS{almeida2020proposal,

  author={Almeida, Nelson C. and Rolle, Rodrigo P. and Godoy, Eduardo P. and Ferrari, Paolo and Sisinni, Emiliano},

  booktitle={2020 IEEE International Workshop on Metrology for Industry 4.0   IoT}, 

  title={Proposal of a hybrid {LoRa} mesh / {LoRaWAN} network}, 

  year={2020},

  volume={},

  number={},

  pages={702-707},

  doi={10.1109/MetroInd4.0IoT48571.2020.9138206}}



@InProceedings{	  sartori2017enabling,
  author	= {Sartori, Benjamin and Thielemans, Steffen and Bezunartea,
		  Maite and Braeken, An and Steenhaut, Kris},
  booktitle	= {International Conference on Wireless and Mobile Computing,
		  Networking and Communications},
  isbn		= {9781538638392},
  issn		= {21619654},
  organization	= {IEEE},
  pages		= {1--8},
  title		= {{Enabling RPL multihop communications based on LoRa}},
  volume	= {2017-October},
  year		= {2017}
}

@InProceedings{	  nagel2007intelligent,
  author	= {Nagel, Robert and Eichler, Stephan and Ebersp{\"{a}}cher,
		  J{\"{o}}rg},
  booktitle	= {IEEE Intelligent Vehicles Symposium, Proceedings},
  isbn		= {1424410681},
  organization	= {IEEE},
  pages		= {716--721},
  title		= {{Intelligent wireless communication for future autonomous
		  and cognitive automobiles}},
  year		= {2007}
}



@INPROCEEDINGS{fysarakis2016iot,

  author={Fysarakis, Konstantinos and Askoxylakis, Ioannis and Soultatos, Othonas and Papaefstathiou, Ioannis and Manifavas, Charalampos and Katos, Vasilios},

  booktitle={2016 IEEE Global Communications Conference (GLOBECOM)}, 

  title={Which IoT Protocol? Comparing Standardized Approaches over a Common M2M Application}, 

  year={2016},

  volume={},

  number={},

  pages={1-7},

  doi={10.1109/GLOCOM.2016.7842383}}


@Article{	  biral2015challenges,
  author	= {Biral, Andrea and Centenaro, Marco and Zanella, Andrea and
		  Vangelista, Lorenzo and Zorzi, Michele},
  issn		= {23528648},
  journal	= {Digital Communications and Networks},
  number	= {1},
  pages		= {1--19},
  publisher	= {Elsevier},
  title		= {{The challenges of M2M massive access in wireless cellular
		  networks}},
  volume	= {1},
  year		= {2015}
}

@InProceedings{	  haddad2019virtual,
  author	= {Haddad-Vanier, Sonia and Gicquel, Celine and Boukhatem,
		  Lila and Lazri, Kahina and Chaignon, Paul},
  booktitle	= {ICORES 2019 - Proceedings of the 8th International
		  Conference on Operations Research and Enterprise Systems},
  isbn		= {9789897583520},
  pages		= {142--150},
  title		= {{Virtual network functions placement for defense against
		  distributed denial of service attacks}},
  year		= {2019}
}

@InProceedings{	  vanier2018column,
  author	= {Vanier, Sonia},
  booktitle	= {16th Cologne-Twente Workshop on Graphs and Combinatorial
		  Optimization, CTW 2018 - Proceedings of the Workshop},
  pages		= {173--174},
  title		= {{Column generation for the energy-efficient in multi-hop
		  wireless networks problem}},
  year		= {2019}
}

@InProceedings{	  vanier2018partition,
  author	= {Vanier, Sonia and Arnaud, Knippel},
  booktitle	= {ISCO International Symposium on Combinatorial
		  Optimization},
  title		= {{New partition inequalities for the unsplittable flow
		  problem}},
  year		= {2018}
}

@Article{	  cheng2019high,
  author	= {Cheng, Xi and Wang, Qi and Wang, Qingshan and Wang, Di},
  issn		= {15728196},
  journal	= {Wireless Networks},
  number	= {4},
  pages		= {1557--1566},
  publisher	= {Springer},
  title		= {{A high-reliability relay algorithm based on network
		  coding in multi-hop wireless networks}},
  volume	= {25},
  year		= {2019}
}

@InProceedings{	  kim2008integrating,
  author	= {Kim, Minkyu and M{\'{e}}dard, Muriel and O'Reilly, Una
		  May},
  booktitle	= {Proceedings - IEEE Military Communications Conference
		  MILCOM},
  isbn		= {9781424426775},
  organization	= {IEEE},
  pages		= {1--7},
  title		= {{Integrating network coding into heterogeneous wireless
		  networks}},
  year		= {2008}
}

@Article{	  leitner2020exact,
  author	= {Leitner, Markus and Ljubi{\'{c}}, Ivana and Riedler,
		  Martin and Ruthmair, Mario},
  issn		= {15265528},
  journal	= {INFORMS Journal on Computing},
  number	= {1},
  pages		= {171--192},
  publisher	= {Elsevier},
  title		= {{Exact approaches for network design problems with
		  relays}},
  volume	= {31},
  year		= {2019}
}

@Article{	  oubbati2019routing,
  author	= {Oubbati, Omar Sami and Atiquzzaman, Mohammed and Lorenz,
		  Pascal and Tareque, Md Hasan and Hossain, Md Shohrab},
  issn		= {21693536},
  journal	= {IEEE Access},
  pages		= {81057--81105},
  publisher	= {IEEE},
  title		= {{Routing in flying ad hoc networks: Survey, constraints,
		  and future challenge perspectives}},
  volume	= {7},
  year		= {2019}
}

@Article{	  barnhart1998branch,
  author	= {Barnhart, Cynthia and Johnson, Ellis L. and Nemhauser,
		  George L. and Savelsbergh, Martin W.P. and Vance, Pamela
		  H.},
  issn		= {0030364X},
  journal	= {Operations Research},
  number	= {3},
  pages		= {316--329},
  publisher	= {INFORMS},
  title		= {{Branch-and-price: Column generation for solving huge
		  integer programs}},
  volume	= {46},
  year		= {1998}
}


@article{tiliute2007battery,
  title={Battery management in wireless sensor networks},
  author={Tiliute, Doru E},
  journal={Elektronika ir elektrotechnika},
  volume={1},
  number={4},
  pages={9--12},
  year={2007},
}



@Article{	  li2003linear,
  author	= {Li, Shuo Yen Robert and Yeung, Raymond W. and Cai, Ning},
  issn		= {00189448},
  journal	= {IEEE Transactions on Information Theory},
  number	= {2},
  pages		= {371--381},
  publisher	= {IEEE},
  title		= {{Linear network coding}},
  volume	= {49},
  year		= {2003}
}

@Article{	  yang2005,
  author	= {Yang, Yaling and Kravets, Robin},
  issn		= {15361233},
  journal	= {IEEE Transactions on Mobile Computing},
  number	= {4},
  pages		= {363--377},
  publisher	= {IEEE},
  title		= {{Contention-aware admission control for ad hoc networks}},
  volume	= {4},
  year		= {2005}
}

@Article{	  jain2005impact,
  author	= {Baharudin, Shahidatul A. and Zuhairi, Megat F. and Dao,
		  Hassan},
  issn		= {18196608},
  journal	= {ARPN Journal of Engineering and Applied Sciences},
  number	= {7},
  pages		= {1389--1395},
  publisher	= {Springer},
  title		= {{Impact of interference on wireless mesh network
		  performance}},
  volume	= {14},
  year		= {2019}
}

@InProceedings{	  achterberg2008constraint,
  author	= {Achterberg, Tobias and Berthold, Timo and Koch, Thorsten
		  and Wolter, Kati},
  booktitle	= {Lecture Notes in Computer Science (including subseries
		  Lecture Notes in Artificial Intelligence and Lecture Notes
		  in Bioinformatics)},
  isbn		= {354068154X},
  issn		= {03029743},
  organization	= {Springer},
  pages		= {6--20},
  title		= {{Constraint integer programming: A new approach to
		  integrate CP and MIP}},
  volume	= {5015 LNCS},
  year		= {2008}
}

@Article{	  benhamiche2017column,
  author	= {Benhamiche, Amal and Mahjoub, A. Ridha and Perrot, Nancy
		  and Uchoa, Eduardo},
  issn		= {16785142},
  journal	= {Pesquisa Operacional},
  number	= {3},
  pages		= {545--570},
  publisher	= {SciELO Brasil},
  title		= {{Column generation based algorithms for the capacitated
		  multi-layer network design with unsplittable demands}},
  volume	= {37},
  year		= {2017}
}

@Article{	  eppstein1998finding,
  author	= {Ruppert, E.},
  issn		= {01784617},
  journal	= {Algorithmica (New York)},
  number	= {2},
  pages		= {242--254},
  publisher	= {SIAM},
  title		= {{Finding the k shortest paths in parallel}},
  volume	= {28},
  year		= {2000}
}

@Article{	  hershberger2007finding,
  author	= {Hershberger, John and Maxel, Matthew and Suri, Subhash},
  issn		= {15496325},
  journal	= {ACM Transactions on Algorithms},
  number	= {4},
  pages		= {45},
  publisher	= {ACM},
  title		= {{Finding the k shortest simple paths: A new algorithm and
		  its implementation}},
  volume	= {3},
  year		= {2007}
}

@InCollection{	  geoffrion1974lagrangean,
  author	= {Geoffrion, Arthur M.},
  booktitle	= {50 Years of Integer Programming 1958-2008: From the Early
		  Years to the State-of-the-Art},
  isbn		= {9783540682745},
  pages		= {243--281},
  publisher	= {Springer},
  title		= {{Lagrangian relaxation for integer programming}},
  year		= {2010}
}

@Article{	  barnhart2000using,
  author	= {Barnhart, Cynthia and Hane, Christopher A. and Vance,
		  Pamela H.},
  issn		= {0030364X},
  journal	= {Operations Research},
  number	= {2},
  pages		= {318--326},
  publisher	= {INFORMS},
  title		= {{Using branch-and-price-and-cut to solve
		  origin-destination integer multicommodity flow problems}},
  volume	= {48},
  year		= {2000}
}

@Article{	  le2009dcar,
  author	= {Le, Jilin and Lui, John C S and Chiu, Dah-Ming},
  journal	= {IEEE Transactions on Mobile Computing},
  number	= {4},
  pages		= {596--608},
  publisher	= {IEEE},
  title		= {{DCAR: Distributed coding-aware routing in wireless
		  networks}},
  volume	= {9},
  year		= {2009}
}

@Article{	  benichou1971experiments,
  author	= {Gauthier, J. M. and Ribi{\`{e}}re, G.},
  issn		= {00255610},
  journal	= {Mathematical Programming},
  number	= {1},
  pages		= {26--47},
  publisher	= {Springer},
  title		= {{Experiments in mixed-integer linear programming using
		  pseudo-costs}},
  volume	= {12},
  year		= {1977}
}

@Article{	  linderoth1999computational,
  author	= {Linderoth, J. T. and Savelsbergh, M. W. P.},
  issn		= {1091-9856},
  journal	= {INFORMS Journal on Computing},
  number	= {2},
  pages		= {173--187},
  publisher	= {INFORMS},
  title		= {{A computational study of search strategies for mixed
		  integer programming}},
  volume	= {11},
  year		= {1999}
}

@Article{	  chachulski2007trading,
  author	= {Chachulski, Szymon and Jennings, Michael and Katti, Sachin
		  and Katabi, Dina},
  issn		= {01464833},
  journal	= {Computer Communication Review},
  number	= {4},
  pages		= {169--180},
  publisher	= {ACM New York, NY, USA},
  title		= {{Trading structure for randomness in wireless
		  opportunistic routing}},
  volume	= {37},
  year		= {2007}
}

@Article{	  zhang2010mac,
  author	= {Zhang, Jian and Chen, Yuanzhu Peter and Marsic, Ivan},
  issn		= {13891286},
  journal	= {Computer Networks},
  number	= {2},
  pages		= {196--207},
  publisher	= {Elsevier},
  title		= {{MAC-layer proactive mixing for network coding in
		  multi-hop wireless networks}},
  volume	= {54},
  year		= {2010}
}

@Article{	  andersen2001certificates,
  author	= {Andersen, Erling D.},
  issn		= {09266003},
  journal	= {Computational Optimization and Applications},
  number	= {2},
  pages		= {171--183},
  publisher	= {Springer},
  title		= {{Certificates of primal or dual infeasibility in linear
		  programming}},
  volume	= {20},
  year		= {2001}
}

@Article{	  dinitz1999single,
  author	= {Dinitz, Yefim and Garg, Naveen and Goemans, Michel X.},
  issn		= {02725428},
  journal	= {Annual Symposium on Foundations of Computer Science -
		  Proceedings},
  number	= {1},
  pages		= {290--299},
  publisher	= {Springer},
  title		= {{On the single-source unsplittable flow problem}},
  volume	= {19},
  year		= {1998}
}


@InProceedings{martens2007convex,
author="Martens, Maren
and Salazar, Fernanda
and Skutella, Martin",
editor="Arge, Lars
and Hoffmann, Michael
and Welzl, Emo",
title="Convex Combinations of Single Source Unsplittable Flows",
booktitle="Algorithms -- ESA 2007",
year="2007",
publisher="Springer Berlin Heidelberg",
address="Berlin, Heidelberg",
pages="395--406",
isbn="978-3-540-75520-3"
}

@InProceedings{	  kleinberg1996single,
  author	= {Kleinberg, Jon M.},
  booktitle	= {Annual Symposium on Foundations of Computer Science -
		  Proceedings},
  issn		= {02725428},
  organization	= {IEEE},
  pages		= {68--77},
  title		= {{Single-source unsplittable flow}},
  year		= {1996}
}

@InProceedings{	  kleinberg1998decision,
  author	= {Kleinberg, Jon M.},
  booktitle	= {Conference Proceedings of the Annual ACM Symposium on
		  Theory of Computing},
  issn		= {07349025},
  pages		= {530--539},
  title		= {{Decision algorithms for unsplittable flow and the
		  half-disjoint paths problem}},
  year		= {1998}
}

@Article{	  lubbecke2005selected,
  author	= {L{\"{u}}bbecke, Marco E. and Desrosiers, Jacques},
  issn		= {0030364X},
  journal	= {Operations Research},
  number	= {6},
  pages		= {1007--1023},
  publisher	= {INFORMS},
  title		= {{Selected topics in column generation}},
  volume	= {53},
  year		= {2005}
}

@InProceedings{	  alvelos2003comparing,
  author	= {Alvelos, Filipe and de Carvalho, J. M. Val{\'{e}}rio},
  booktitle	= {International Network Optimization Conference},
  issn		= {03772217},
  organization	= {sn},
  pages		= {7--12},
  title		= {{Comparing branch-and-price algorithms for the
		  unsplittable multicommodity flow problem}},
  year		= {2003}
}

@InProceedings{	  multi-hop-decentralized-low-2013,
  author	= {Accettura, Nicola and Palattella, Maria Rita and Boggia,
		  Gennaro and Grieco, Luigi Alfredo and Dohler, Mischa},
  booktitle	= {2013 IEEE 14th International Symposium on a World of
		  Wireless, Mobile and Multimedia Networks, WoWMoM 2013},
  isbn		= {9781467358279},
  pages		= {1--6},
  title		= {{Decentralized traffic aware scheduling for multi-hop Low
		  power lossy networks in the internet of things}},
  year		= {2013}
}

@Article{	  iot5g2018,
  author	= {Li, Shancang and Xu, Li Da and Zhao, Shanshan},
  issn		= {2452414X},
  journal	= {Journal of Industrial Information Integration},
  pages		= {1--9},
  publisher	= {Elsevier},
  title		= {{5G internet of things: A survey}},
  volume	= {10},
  year		= {2018}
}

@Article{	  augustin2016study,
  author	= {Augustin, Alo{\"{y}}s and Yi, Jiazi and Clausen, Thomas
		  and Townsley, William Mark},
  issn		= {14248220},
  journal	= {Sensors (Switzerland)},
  number	= {9},
  pages		= {1466},
  publisher	= {Multidisciplinary Digital Publishing Institute},
  title		= {{A study of Lora: Long range & low power networks for the
		  internet of things}},
  volume	= {16},
  year		= {2016}
}

@Article{	  shaikh2018routing,
  author	= {Shaikh, Farrukh Salim and Wism{\"{u}}ller, Roland},
  journal	= {IEEE Communications Surveys \& Tutorials},
  number	= {4},
  pages		= {2622--2657},
  publisher	= {IEEE},
  title		= {{Routing in multi-hop cellular device-to-device (D2D)
		  networks: A survey}},
  volume	= {20},
  year		= {2018}
}


@InProceedings{	  jacquet2001optimized,
  author	= {Jacquet, P. and M{\"{u}}hlethaler, P. and Clausen, T. and
		  Laouiti, A. and Qayyum, A. and Viennot, L.},
title = {Optimized link state routing protocol for ad hoc networks},
doi = {10.1109/INMIC.2001.995315},
year = {2001},
date = {2001-01-01},
booktitle = {Multi Topic Conference, 2001. IEEE INMIC 2001. Technology for the 21st Century. Proceedings. IEEE International},
pages = {62-68},
}

@Article{	  clausen2018use,
  author	= {Clausen, Thomas and Cordero, Juan Antonio and Yi, Jiazi
		  and Igarashi, Yuichi},
  issn		= {15708705},
  journal	= {Ad Hoc Networks},
  pages		= {51--64},
  publisher	= {Elsevier},
  title		= {{Use 'em or lose 'em: On unidirectional links in reactive
		  routing protocols}},
  volume	= {73},
  year		= {2018}
}

@InProceedings{	  laube2017fame,
  author	= {Laube, Alexandre and Martin, Steven and Quadri, Dominique
		  and {Al Agha}, Khaldoun and Pujolle, Guy},
  booktitle	= {IEEE Wireless Communications and Networking Conference,
		  WCNC},
  isbn		= {9781509041831},
  issn		= {15253511},
  organization	= {IEEE},
  pages		= {1--6},
  title		= {{FAME: A flow aggregation MEtric for shortest path routing
		  algorithms in multi-hop wireless networks}},
  year		= {2017}
}

@Article{	  lertpratchya2016interference,
  author	= {Lertpratchya, Daniel and Blough, Douglas M.},
  issn		= {15708705},
  journal	= {Ad Hoc Networks},
  pages		= {99--113},
  publisher	= {Elsevier},
  title		= {{Interference-aware multicast trees and meshes for
		  wireless multihop networks}},
  volume	= {47},
  year		= {2016}
}


@Article{ wu2019internet,
AUTHOR = {Wu, Fan and Wu, Taiyang and Yuce, Mehmet Rasit},
TITLE = {An Internet-of-Things ({IoT}) Network System for Connected Safety and Health Monitoring Applications},
JOURNAL = {Sensors},
VOLUME = {19},
YEAR = {2019},
NUMBER = {1},
  pages		= {21},
publisher	= {Multidisciplinary Digital Publishing Institute},
ARTICLE-NUMBER = {21},
URL = {https://www.mdpi.com/1424-8220/19/1/21},
ISSN = {1424-8220},
DOI = {10.3390/s19010021}
}




@Article{	  park1996integer,
  author	= {Park, Kyungchul and Kang, Seokhoon and Park, Sungsoo},
  issn		= {00251909},
  journal	= {Management Science},
  number	= {9},
  pages		= {1277--1291},
  publisher	= {INFORMS},
  title		= {{An integer programming approach to the bandwidth packing
		  problem}},
  volume	= {42},
  year		= {1996}
}

@InProceedings{	  pessoa2013out,
  author	= {Pessoa, Artur and Sadykov, Ruslan and Uchoa, Eduardo and
		  Vanderbeck, Francois},
  booktitle	= {Lecture Notes in Computer Science (including subseries
		  Lecture Notes in Artificial Intelligence and Lecture Notes
		  in Bioinformatics)},
  isbn		= {9783642385261},
  issn		= {03029743},
  organization	= {Springer},
  pages		= {354--365},
  title		= {{In-out separation and column generation stabilization by
		  dual price smoothing}},
  volume	= {7933 LNCS},
  year		= {2013}
}

@Article{	  park2006codecast,
  author	= {Park, Joon Sang and Gerla, Mario and Lun, Desmond S. and
		  Yi, Yunjung and M{\'{e}}dard, Muriel},
  issn		= {15361284},
  journal	= {IEEE Wireless Communications},
  number	= {5},
  pages		= {76--81},
  publisher	= {IEEE},
  title		= {{CodeCast: A network-coding-based ad hoc multicast
		  protocol}},
  volume	= {13},
  year		= {2006}
}

@TechReport{	  gleixneretal2018oo,
  author	= {Gamrath, Gerald and Anderson, Daniel and Bestuzheva,
		  Ksenia and Chen, Wei-Kun and Eifler, Leon and Gasse, Maxime
		  and Gemander, Patrick and Gleixner, Ambros and Gottwald,
		  Leona and Halbig, Katrin and Hendel, Gregor and Hojny,
		  Christopher and Koch, Thorsten and {Le Bodic}, Pierre and
		  Maher, Stephen J and Matter, Frederic and Miltenberger,
		  Matthias and M{\"{u}}hmer, Erik and M{\"{u}}ller, Benjamin
		  and Pfetsch, Marc E and Schl{\"{o}}sser, Franziska and
		  Serrano, Felipe and Shinano, Yuji and Tawfik, Christine and
		  Vigerske, Stefan and Wegscheider, Fabian and Weninger,
		  Dieter and Witzig, Jakob},
  institution	= {Optimization Online},
  number	= {05},
  pages		= {1--46},
  title		= {{The SCIP Optimization Suite 7.0}},
  type		= {Technical Report},
  url		= {http://www.optimization-online.org/DB_FILE/2020/03/7705.pdf},
  year		= {2020}
}

@Article{	  ahlswede2000network,
  author	= {Ahlswede, R. and Cai, N. and Yeung, R. W.},
  isbn		= {0780350006},
  issn		= {21578095},
  journal	= {IEEE International Symposium on Information Theory -
		  Proceedings},
  number	= {4},
  pages		= {186},
  publisher	= {IEEE},
  title		= {{Network information flow theory}},
  volume	= {46},
  year		= {1998}
}

@Article{	  gendron2019revisiting,
  author	= {Gendron, Bernard},
  issn		= {0166218X},
  journal	= {Discrete Applied Mathematics},
  pages		= {203--218},
  publisher	= {Elsevier},
  title		= {{Revisiting Lagrangian relaxation for network design}},
  volume	= {261},
  year		= {2019}
}

@Article{	  rhaiem2017information,
  author	= {BenRhaiem, Olfa and Chaari, Lamia},
  issn		= {15729451},
  journal	= {Telecommunication Systems},
  number	= {4},
  pages		= {551--565},
  publisher	= {Springer},
  title		= {{Information transmission based on network coding over
		  wireless networks: A survey}},
  volume	= {65},
  year		= {2017}
}

@Article{	  gupta2007sufficient,
  author	= {Gupta, Rajarshi and Musacchio, John and Walrand, Jean},
  issn		= {15708705},
  journal	= {Ad Hoc Networks},
  number	= {4},
  pages		= {429--443},
  publisher	= {Elsevier},
  title		= {{Sufficient rate constraints for QoS flows in ad-hoc
		  networks}},
  volume	= {5},
  year		= {2007}
}

@InProceedings{	  ho2003randomized,
  author	= {Ho, Tracey and M{\'{e}}dard, M and Shi, Jun and Effros,
		  Michelle and Karger, Dr R},
  booktitle	= {Proceedings of the Annual Allerton Conference on
		  Communication Control and Computing},
  issn		= {0732-6181},
  number	= {1},
  organization	= {Citeseer},
  pages		= {11--20},
  title		= {{On randomized network coding}},
  url		= {http://web.mit.edu/people/medard/allerton3.pdf%5Cnhttp://citeseerx.ist.psu.edu/viewdoc/download?doi=10.1.1.58.1873&rep=rep1&type=pdf},
  volume	= {41},
  year		= {2003}
}


@InProceedings{laube2016optimal,
author="Laube, Alexandre
and Martin, Steven
and Quadri, Dominique
and Alagha, Khaldoun",
editor="Mitton, Nathalie
and Loscri, Valeria
and Mouradian, Alexandre",
title="Optimal Flow Aggregation for Global Energy Savings in Multi-hop Wireless Networks",
booktitle="Ad-hoc, Mobile, and Wireless Networks",
year="2016",
publisher="Springer International Publishing",
address="Cham",
pages="124--137",
isbn="978-3-319-40509-4"
}

@InProceedings{alvarez2012models,
author="{\'A}lvarez-Miranda, Eduardo
and Cacchiani, Valentina
and Dorneth, Tim
and J{\"u}nger, Michael
and Liers, Frauke
and Lodi, Andrea
and Parriani, Tiziano
and Schmidt, Daniel R.",
editor="Mahjoub, A. Ridha
and Markakis, Vangelis
and Milis, Ioannis
and Paschos, Vangelis Th.",
title="Models and Algorithms for Robust Network Design with Several Traffic Scenarios",
booktitle="Combinatorial Optimization",
year="2012",
publisher="Springer Berlin Heidelberg",
address="Berlin, Heidelberg",
pages="261--272",
isbn="978-3-642-32147-4"
}








@Article{	  nguyen2008wireless,
	author	= {Nguyen, Dong and Tran, Tuan and Nguyen, Thinh and Bose,
	Bella},
	issn		= {00189545},
	journal	= {IEEE Transactions on Vehicular Technology},
	number	= {2},
	pages		= {914--925},
	publisher	= {IEEE},
	title		= {{Wireless broadcast using network coding}},
	volume	= {58},
	year		= {2009}
}

@InProceedings{	  benfattoum2011irocx,
	author	= {Benfattoum, Youghourta and Martin, Steven and Agha,
	Khaldoun Al},
	booktitle	= {2011 IEEE Wireless Communications and Networking
	Conference, WCNC 2011},
	isbn		= {9781612842547},
	organization	= {IEEE},
	pages		= {1113--1118},
	title		= {{IROCX: Interference-aware routing with opportunistically
	coded exchanges in wireless mesh networks}},
	year		= {2011}
}

@Article{	  gupta2000capacity,
	author	= {Gupta, Piyush and Kumar, P. R.},
	issn		= {00189448},
	journal	= {IEEE Transactions on Information Theory},
	number	= {2},
	pages		= {388--404},
	publisher	= {IEEE},
	title		= {{The capacity of wireless networks}},
	volume	= {46},
	year		= {2000}
}







@article{deebak2020hybrid,
  title={{A hybrid secure routing and monitoring mechanism in IoT-based wireless sensor networks}},
  author={Deebak, Bakkiam David and Al-Turjman, Fadi},
  journal={Ad Hoc Networks},
  volume={97},
  pages={102022},
  year={2020},
  publisher={Elsevier}
}


@Article{	  aslam2019exploring,
	author	= {Aslam, Muhammad Shehryar and Khan, Alishba and Atif,
	Abeera and Hassan, Syed Ali and Mahmood, Aamir and Qureshi,
	Hassaan Khaliq and Gidlund, Mikael},
	issn		= {1558156X},
	journal	= {IEEE Network},
	number	= {2},
	pages		= {225--231},
	publisher	= {IEEE},
	title		= {{Exploring multi-hop LoRa for green smart cities}},
	volume	= {34},
	year		= {2020}
}

@InCollection{vanderbeck2005,
   author = {François Vanderbeck},
   address = {Boston, MA},
   doi = {10.1007/0-387-25486-2_12},
   editor = {Guy Desaulniers and Jacques Desrosiers and Marius M Solomon},
   isbn = {978-0-387-25486-9},
   booktitle = {Column Generation},
   pages = {331-358},
   publisher = {Springer US},
   title = {Implementing Mixed Integer Column Generation},
   url = {https://doi.org/10.1007/0-387-25486-2_12},
   year = {2005},
}



@Article{	  iothealthcare2017,
	author	= {Wu, Taiyang and Wu, Fan and Redoute, Jean Michel and Yuce,
	Mehmet Rasit},
	issn		= {21693536},
	journal	= {IEEE Access},
	pages		= {11413--11422},
	title		= {{An autonomous wireless body area network implementation
	towards IoT connected healthcare applications}},
	volume	= {5},
	year		= {2017}
}


@InProceedings{bauguion2018maximum,
author="Bauguion, Pierre-Olivier
and D'Ambrosio, Claudia
and Liberti, Leo",
editor="Lee, Jon
and Rinaldi, Giovanni
and Mahjoub, A. Ridha",
title="Maximum Concurrent Flow with Incomplete Data",
booktitle="Combinatorial Optimization",
year="2018",
publisher="Springer International Publishing",
address="Cham",
pages="77--88",
isbn="978-3-319-96151-4"
}






@Article{	  gendron2014branch,
	author	= {Gendron, Bernard and Larose, Mathieu},
	issn		= {21924414},
	journal	= {EURO Journal on Computational Optimization},
	number	= {1-2},
	pages		= {55--75},
	publisher	= {Springer},
	title		= {{Branch-and-price-and-cut for large-scale multicommodity
	capacitated fixed-charge network design}},
	volume	= {2},
	year		= {2014}
}


@INPROCEEDINGS{baccelli2009,
  author={Baccelli, Emmanuel and Cordero, Juan Antonio and Jacquet, Philippe},
  booktitle={2009 Fourth International Conference on Systems and Networks Communications}, 
  title={Multi-point Relaying Techniques with OSPF on Ad Hoc Networks}, 
  year={2009},
  volume={},
  number={},
  pages={53-62},
  doi={10.1109/ICSNC.2009.79}}

@article{baccelli2010ospf,
  title={Ospf over multi-hop ad hoc wireless communications},
  author={Baccelli, Emmanuel and Fuertes, Juan Antonio Cordero and Jacquet, Philippe},
  journal={International Journal of Computer Networks \& Communications},
  volume={2},
  number={5},
  pages={37--56},
  year={2010}
}

@inproceedings{baccelli2010optimization,
  title={Optimization of critical data synchronization via link overlay RNG in mobile ad hoc networks},
  author={Baccelli, Emmanuel and Cordero, Juan Antonio and Jacquet, Philippe},
  booktitle={The 7th IEEE International Conference on Mobile Ad-hoc and Sensor Systems (IEEE MASS 2010)},
  pages={402--411},
  year={2010},
  organization={IEEE}
}



@Article{	  pessoa2018automation,
	author	= {Pessoa, A. and Sadykov, R. and Uchoa, E. and Vanderbeck,
	F.},
	issn		= {15265528},
	journal	= {INFORMS Journal on Computing},
	number	= {2},
	pages		= {339--360},
	publisher	= {INFORMS},
	title		= {{Automation and combination of linear-programming based
	stabilization techniques in column generation}},
	volume	= {30},
	year		= {2018}
}

@InProceedings{	  katti2006xors,
	author	= {Katabi, Dina and Katti, Sachin},
	booktitle	= {Multi-Hop Ad Hoc Networks from Theory to Reality},
	isbn		= {1600216056},
	pages		= {225--240},
	title		= {{XORS in the air: Practical wireless network coding}},
	year		= {2007}
}




@INPROCEEDINGS{gomez2006adapting,

  author={Gomez, C. and Salvatella, P. and Alonso, O. and Paradells, J.},

  booktitle={2006 International Symposium on a World of Wireless, Mobile and Multimedia Networks(WoWMoM'06)}, 

  title={Adapting AODV for IEEE 802.15.4 mesh sensor networks: theoretical discussion and performance evaluation in a real environment}, 

  year={2006},

  volume={},

  number={},

  pages={9 pp.-170},

  doi={10.1109/WOWMOM.2006.19}}




@Article{	  akpakwu2017survey,
	author	= {Akpakwu, Godfrey Anuga and Silva, Bruno J. and Hancke,
	Gerhard P. and Abu-Mahfouz, Adnan M.},
	issn		= {21693536},
	journal	= {IEEE Access},
	pages		= {3619--3647},
	publisher	= {IEEE},
	title		= {{A survey on 5G networks for the internet of things:
	Communication technologies and challenges}},
	volume	= {6},
	year		= {2017}
}

@InProceedings{	  lee2012performance,
	author	= {Lee, Aik Tuan and Gerla, Mario},
	booktitle	= {Proceedings - IEEE Military Communications Conference
	MILCOM},
	isbn		= {9781467317290},
	organization	= {IEEE},
	pages		= {1--6},
	title		= {{Performance evaluation of wireless network coding in TDMA
	networks}},
	year		= {2012}
}

@Article{	  ben2007acceleration,
	author	= {Ben-Ameur, Walid and Neto, Jos{\'{e}}},
	issn		= {00283045},
	journal	= {Networks},
	number	= {1},
	pages		= {3--17},
	publisher	= {Wiley Online Library},
	title		= {{Acceleration of cutting-plane and column generation
	algorithms: Applications to network design}},
	volume	= {49},
	year		= {2007}
}

@Article{	  chaporkar2008throughput,
	author	= {Chaporkar, Prasanna and Kar, Koushik and Sarkar, Saswati},
	isbn		= {9781604234916},
	journal	= {43rd Annual Allerton Conference on Communication, Control
	and Computing 2005},
	number	= {2},
	pages		= {1557--1567},
	publisher	= {IEEE},
	title		= {{Throughput guarantees through maximal scheduling in
	wireless networks}},
	volume	= {3},
	year		= {2005}
}

@Article{	  mozaffari2019tutorial,
	archiveprefix	= {arXiv},
	arxivid	= {1803.00680},
	author	= {Mozaffari, Mohammad and Saad, Walid and Bennis, Mehdi and
	Nam, Young Han and Debbah, Merouane},
	eprint	= {1803.00680},
	issn		= {1553877X},
	journal	= {IEEE Communications Surveys and Tutorials},
	number	= {3},
	pages		= {2334--2360},
	publisher	= {IEEE},
	title		= {{A tutorial on UAVs for wireless networks: Applications,
	challenges, and open Problems}},
	volume	= {21},
	year		= {2019}
}

@Article{	  belaidouni2007minimum,
	author	= {Belaidouni, Meriema and Ben-Ameur, Walid},
	issn		= {03990559},
	journal	= {RAIRO - Operations Research},
	number	= {3},
	pages		= {253--273},
	publisher	= {EDP Sciences},
	title		= {{On the minimum cost multiple-source unsplittable flow
	problem}},
	volume	= {41},
	year		= {2007}
}














@Article{	  benhamiche2016unsplittable,
	author	= {Benhamiche, Amal and Mahjoub, A. Ridha and Perrot, Nancy
	and Uchoa, Eduardo},
	issn		= {03050548},
	journal	= {Computers and Operations Research},
	pages		= {105--115},
	publisher	= {Elsevier},
	title		= {{Unsplittable non-additive capacitated network design
	using set functions polyhedra}},
	volume	= {66},
	year		= {2016}
}

@InProceedings{	  fnss,
	address	= {ICST, Brussels, Belgium, Belgium},
	author	= {Saino, Lorenzo and Cocora, Cosmin and Pavlou, George},
	booktitle	= {SIMUTools 2013 - 6th International Conference on
	Simulation Tools and Techniques},
	isbn		= {9781936968763},
	pages		= {82--91},
	publisher	= {ICST},
	series	= {SIMUTOOLS '13},
	title		= {{A toolchain for simplifying network simulation setup}},
	year		= {2013}
}

@Article{	  abdul2017efficient,
	author	= {Abdul-Nabi, Samih and Khalil, Ayman and Mary, Philippe and
	H{\'{e}}lard, Jean Fran{\c{c}}ois},
	issn		= {16871499},
	journal	= {Eurasip Journal on Wireless Communications and
	Networking},
	number	= {1},
	pages		= {35},
	publisher	= {Springer},
	title		= {{Efficient network coding solutions for limiting the
	effect of packet loss}},
	volume	= {2017},
	year		= {2017}
}


@Book{		  desaulniers2006column,
	editor	= {Desaulniers, Guy and Desrosiers, Jacques and Solomon,
	Marius M.},
	address="Boston, MA",
	booktitle	= {Column Generation},
	isbn		= {0387254854},
	pages		= {1--358},
    publisher={Springer US},
	title		= {{Column generation}},
	year		= {2005},
    isbn={978-0-387-25486-9},
    doi={10.1007/0-387-25486-2_12},
}

@PhDThesis{	  van2014application,
	author	= {{Van Vu}, Thuong},
	school	= {Universit{\'{e}} Pierre et Marie Curie-Paris VI},
	title		= {{Application of network coding in wireless networks:
	coding conditions and adaptive redundancy control}},
	year		= {2014}
}

@article{PELEGRIN2023102835,
title = {Continuous covering on networks: Improved mixed integer programming formulations},
journal = {Omega},
pages = {102835},
year = {2023},
issn = {0305-0483},
doi = {https://doi.org/10.1016/j.omega.2023.102835},
url = {https://www.sciencedirect.com/science/article/pii/S0305048323000014},
author = {Mercedes Pelegrín and Liding Xu},
}



@article{vaidya1996new,
  title={A new algorithm for minimizing convex functions over convex sets},
  author={Vaidya, Pravin M},
  journal={Mathematical programming},
  volume={73},
  number={3},
  pages={291--341},
  year={1996},
  publisher={Springer}
}



%%%%% bp for submodular binpacking



@Article{	  vielma2010,
  author	= {Vielma, Juan Pablo and Ahmed, Shabbir and Nemhauser,
		  George},
  journal	= {Operations Research},
  number	= {2},
  pages		= {303--315},
  title		= {{Mixed-integer models for nonseparable piecewise-linear
		  optimization: Unifying framework and extensions}},
  volume	= {58},
  year		= {2010}
}



@article{cacchiani2022knapsack,
  title={Knapsack problems-An overview of recent advances. Part II: Multiple, multidimensional, and quadratic knapsack problems},
  author={Cacchiani, Valentina and Iori, Manuel and Locatelli, Alberto and Martello, Silvano},
  journal={Computers \& Operations Research},
  pages={105693},
  year={2022},
  publisher={Elsevier}
}




@misc{cplexsos,
    author = {{IBM ILOG}},
	month = {11},
	title = {{Automatic reformulation of special ordered sets}},
	howpublished  =  {\url{https://www.ibm.com/docs/en/icos/20.1.0?topic=sos-automatic-reformulation-special-ordered-sets}},
	year = {2021},
	note = "[Online; accessed 29-March-2022]"
}


@Inbook{Lewis1969,
author="Lewis, J. Parry",
title="Homogeneous Functions and Euler's Theorem",
bookTitle="An Introduction to Mathematics: For Students of Economics",
year="1969",
publisher="Palgrave Macmillan UK",
address="London",
pages="297--303",
isbn="978-1-349-15324-4",
}


@InProceedings{berthold2012extending,
author="Berthold, Timo
and Heinz, Stefan
and Vigerske, Stefan",
editor="Lee, Jon
and Leyffer, Sven",
title="Extending a {CIP} Framework to Solve {MIQCPs}",
booktitle="Mixed Integer Nonlinear Programming",
year="2012",
publisher="Springer New York",
address="New York, NY",
pages="427--444",
}

@Article{	  sahinidis:baron:21.1.13,
  author	= {Tawarmalani, Mohit and Sahinidis, Nikolaos V},
  journal	= {Mathematical Programming},
  number	= {2},
  pages		= {225--249},
  title		= {{A polyhedral branch-and-cut approach to global
		  optimization}},
  volume	= {103},
  year		= {2005}
}





@article{bertsimas2018robust,
  title={Robust sample average approximation},
  author={Bertsimas, Dimitris and Gupta, Vishal and Kallus, Nathan},
  journal={Mathematical Programming},
  volume={171},
  number={1},
  pages={217--282},
  year={2018},
  publisher={Springer}
}


@article{delage2010distributionally,
  title={Distributionally robust optimization under moment uncertainty with application to data-driven problems},
  author={Delage, Erick and Ye, Yinyu},
  journal={Operations research},
  volume={58},
  number={3},
  pages={595--612},
  year={2010},
  publisher={INFORMS}
}


@Article{	  pessoa18,
  author	= {Pessoa, A. and Sadykov, R. and Uchoa, E. and Vanderbeck,
		  F.},
  journal	= {INFORMS Journal on Computing},
  number	= {2},
  pages		= {339--360},
  title		= {{Automation and combination of linear-programming based
		  stabilization techniques in column generation}},
  volume	= {30},
  year		= {2018}
}


@techreport{bonami2015recent,
  title={Recent improvement to {MISOCP} in {CPLEX}},
  author={Bonami, Pierre and Tramontani, A},
  journal={INFORMS, Philadelphia, PA, USA, Tech. Rep},
  year={2015}
}


@Article{	  cohen2019overcommitment,
  author	= {Cohen, Maxime C. and Keller, Philipp W. and Mirrokni,
		  Vahab and Zadimoghaddam, Morteza},
  journal	= {Management Science},
  number	= {7},
  pages		= {3255--3271},
  publisher	= {INFORMS},
  title		= {{Overcommitment in cloud services: Bin packing with chance
		  constraints}},
  volume	= {65},
  year		= {2019}
}

@Article{	  ben2001polyhedral,
  author	= {Ben-Tal, A. and Nemirovski, A.},
  journal	= {Mathematics of Operations Research},
  number	= {2},
  pages		= {193--205},
  publisher	= {INFORMS},
  title		= {{On polyhedral approximations of the second-order cone}},
  volume	= {26},
  year		= {2001}
}

@InProceedings{	  karmarkar1982efficient,
  author	= {Karmarkar, Narendra and Karp, Richard M.},
  booktitle	= {23rd Annual Symposium on Foundations of Computer Science
		  (sfcs 1982)},
  title		= {An efficient approximation scheme for the one-dimensional
		  bin-packing problem},
  year		= {1982},
  volume	= {},
  number	= {},
  pages		= {312-320}
}

@Article{	  joncour2010column,
  author	= {Joncour, C. and Michel, S. and Sadykov, R. and Sverdlov,
		  D. and Vanderbeck, F.},
  journal	= {Electronic Notes in Discrete Mathematics},
  number	= {C},
  pages		= {695--702},
  publisher	= {Elsevier},
  title		= {{Column generation based primal heuristics}},
  volume	= {36},
  year		= {2010}
}

@PhDThesis{	  sadykov2019modern,
  author	= {Sadykov, Ruslan},
  school	= {Universit{\'{e}} de Bordeaux},
  title		= {{Modern branch-cut-and-price}},
  year		= {2019}
}

@Book{		  korte2011combinatorial,
  author	= {Chandru, Vijay and Rao, M. R.},
  booktitle	= {Computing Handbook, Third Edition: Computer Science and
		  Software Engineering},
  isbn		= {9781439898536},
  pages		= {13--1--13--47},
  publisher	= {Springer},
  title		= {{Combinatorial optimization}},
  volume	= {1},
  year		= {2014}
}

@Article{	  dantzig1960decomposition,
  author	= {Dantzig, George B. and Wolfe, Philip},
  title		= {Decomposition principle for linear programs},
  journal	= {Operations Research},
  volume	= {8},
  number	= {1},
  pages		= {101-111},
  year		= {1960}
}

@Article{	  gilmore1961linear,
  author	= {Gilmore, P. C. and Gomory, R. E.},
  journal	= {Operations Research},
  number	= {6},
  pages		= {849--859},
  publisher	= {INFORMS},
  title		= {{A linear programming approach to the cutting-stock
		  problem}},
  volume	= {9},
  year		= {1961}
}

@InCollection{vanderbeck2010reformulation,
author="Vanderbeck, Fran{\c{c}}ois
and Wolsey, Laurence A.",
editor="J{\"u}nger, Michael
and Liebling, Thomas M.
and Naddef, Denis
and Nemhauser, George L.
and Pulleyblank, William R.
and Reinelt, Gerhard
and Rinaldi, Giovanni
and Wolsey, Laurence A.",
title="Reformulation and Decomposition of Integer Programs",
bookTitle="50 Years of Integer Programming 1958-2008: From the Early Years to the State-of-the-Art",
year="2010",
publisher="Springer Berlin Heidelberg",
address="Berlin, Heidelberg",
pages="431--502",
}


@Article{	  wei2020branch,
  author	= {Wei, Lijun and Lai, Minghui and Lim, Andrew and Hu, Qian},
  journal	= {European Journal of Operational Research},
  number	= {1},
  pages		= {25--35},
  publisher	= {Elsevier},
  title		= {{A branch-and-price algorithm for the two-dimensional
		  vector packing problem}},
  volume	= {281},
  year		= {2020}
}

@Article{	  charnes,
  author	= {Charnes, A. and Cooper, W. W.},
  title		= {Deterministic Equivalents for Optimizing and Satisficing
		  under Chance Constraints},
  journal	= {Operations Research},
  volume	= {11},
  number	= {1},
  pages		= {18-39},
  year		= {1963}
}

@Article{	  atamturk2009submodular,
  title		= {The submodular knapsack polytope},
  author	= {Atamt{\"u}rk, Alper and Narayanan, Vishnu},
  journal	= {Discrete Optimization},
  volume	= {6},
  number	= {4},
  pages		= {333--344},
  year		= {2009},
  publisher	= {Elsevier}
}

@Article{	  furini2019theoretical,
  title		= {Theoretical and computational study of several
		  linearisation techniques for binary quadratic problems},
  author	= {Furini, Fabio and Traversi, Emiliano},
  journal	= {Annals of Operations Research},
  volume	= {279},
  number	= {1},
  pages		= {387--411},
  year		= {2019},
  publisher	= {Springer}
}



@article{ryan1981integer,
  title={An integer programming approach to scheduling},
  author={Ryan, David M and Foster, Brian A},
  journal={Computer scheduling of public transport urban passenger vehicle and crew scheduling},
  pages={269--280},
  year={1981},
  publisher={North-Holland, Amsterdam}
}


@Article{	  olivir2021,
  author	= {Olivier, Philippe and Lodi, Andrea and Pesant, Gilles},
  title		= {The Quadratic Multiknapsack Problem with Conflicts and
		  Balance Constraints},
  journal	= {INFORMS Journal on Computing},
  volume	= {33},
  number	= {3},
  pages		= {949-962},
  year		= {2021}
}

@Article{	  bergman19,
  author	= {Bergman, David},
  title		= {An Exact Algorithm for the Quadratic Multiknapsack Problem
		  with an Application to Event Seating},
  journal	= {INFORMS Journal on Computing},
  volume	= {31},
  number	= {3},
  pages		= {477-492},
  year		= {2019}
}

@Article{	  puchinger2010,
  author	= {Puchinger, Jakob and Raidl, Günther R. and Pferschy,
		  Ulrich},
  title		= {The Multidimensional Knapsack Problem: Structure and
		  Algorithms},
  journal	= {INFORMS Journal on Computing},
  volume	= {22},
  number	= {2},
  pages		= {250-265},
  year		= {2010}
}

@Article{	  caprara1999,
  author	= {Caprara, Alberto and Pisinger, David and Toth, Paolo},
  title		= {Exact Solution of the Quadratic Knapsack Problem},
  journal	= {INFORMS Journal on Computing},
  volume	= {11},
  number	= {2},
  pages		= {125-137},
  year		= {1999}
}

@book{lasserre2015introduction,
  title={An introduction to polynomial and semi-algebraic optimization},
  author={Lasserre, Jean Bernard},
  volume={52},
  year={2015},
  publisher={Cambridge University Press}
}

@book{Balas,
	author = {Balas, Egon},
	title = {{Disjunctive Programming}},
	publisher = {Springer International Publishing},
	address = {Cham, Switzerland}
}

@Inbook{Vanderbeck2010,
author="Vanderbeck, Fran{\c{c}}ois
and Wolsey, Laurence A.",
editor="J{\"u}nger, Michael
and Liebling, Thomas M.
and Naddef, Denis
and Nemhauser, George L.
and Pulleyblank, William R.
and Reinelt, Gerhard
and Rinaldi, Giovanni
and Wolsey, Laurence A.",
title="Reformulation and Decomposition of Integer Programs",
bookTitle="50 Years of Integer Programming 1958-2008: From the Early Years to the State-of-the-Art",
year="2010",
publisher="Springer Berlin Heidelberg",
address="Berlin, Heidelberg",
pages="431--502"
}


@Article{	  han2016robust,
  title		= {Robust optimization approach for a chance-constrained
		  binary knapsack problem},
  author	= {Han, Jinil and Lee, Kyungsik and Lee, Chungmok and Choi,
		  Ki-Seok and Park, Sungsoo},
  journal	= {Mathematical Programming},
  volume	= {157},
  number	= {1},
  pages		= {277--296},
  year		= {2016},
  publisher	= {Springer}
}

@Article{	  ghaoui2003,
  author	= {Ghaoui, Laurent El and Oks, Maksim and Oustry, Francois},
  title		= {Worst-Case Value-At-Risk and Robust Portfolio
		  Optimization: A Conic Programming Approach},
  journal	= {Operations Research},
  volume	= {51},
  number	= {4},
  pages		= {543-556},
  year		= {2003}
}


@article{deng2019chance,
  title={Chance-constrained surgery planning under conditions of limited and ambiguous data},
  author={Deng, Yan and Shen, Siqian and Denton, Brian},
  journal={INFORMS Journal on Computing},
  volume={31},
  number={3},
  pages={559--575},
  year={2019},
  publisher={INFORMS}
}

@article{wang2021chance,
  title={Chance-constrained multiple bin packing problem with an application to operating room planning},
  author={Wang, Shanshan and Li, Jinlin and Mehrotra, Sanjay},
  journal={INFORMS Journal on Computing},
  volume={33},
  number={4},
  pages={1661--1677},
  year={2021},
  publisher={INFORMS}
}

@article{frangioni2013stabilized,
  title={A stabilized structured Dantzig--Wolfe decomposition method},
  author={Frangioni, Antonio and Gendron, Bernard},
  journal={Mathematical Programming},
  volume={140},
  number={1},
  pages={45--76},
  year={2013},
  publisher={Springer}
}



@article{jepsen2008subset,
  title={Subset-row inequalities applied to the vehicle-routing problem with time windows},
  author={Jepsen, Mads and Petersen, Bj{\o}rn and Spoorendonk, Simon and Pisinger, David},
  journal={Operations Research},
  volume={56},
  number={2},
  pages={497--511},
  year={2008},
  publisher={INFORMS}
}

@article{gu1999lifted,
  title={Lifted flow cover inequalities for mixed 0-1 integer programs},
  author={Gu, Zonghao and Nemhauser, George L and Savelsbergh, Martin WP},
  journal={Mathematical Programming},
  volume={85},
  number={3},
  pages={439--467},
  year={1999},
  publisher={Springer}
}



@Article{	  shylo2013,
  author	= {Shylo, Oleg V. and Prokopyev, Oleg A. and Schaefer, Andrew
		  J.},
  title		= {Stochastic Operating Room Scheduling for High-Volume
		  Specialties Under Block Booking},
  journal	= {INFORMS Journal on Computing},
  volume	= {25},
  number	= {4},
  pages		= {682-692},
  year		= {2013}
}

@Article{	  singh2009,
  author	= {Singh, Kavinesh J. and Philpott, Andy B. and Wood, R.
		  Kevin},
  title		= {{Dantzig-Wolfe} Decomposition for Solving Multistage
		  Stochastic Capacity-Planning Problems},
  journal	= {Operations Research},
  volume	= {57},
  number	= {5},
  pages		= {1271-1286},
  year		= {2009}
}

@article{ceselli2022dantzig,
  title={{Dantzig--Wolfe} reformulations for binary quadratic problems},
  author={Ceselli, Alberto and L{\'e}tocart, Lucas and Traversi, Emiliano},
  journal={Mathematical Programming Computation},
  pages={1--36},
  year={2022},
  publisher={Springer}
}





@article{cardoen2010operating,
  title={Operating room planning and scheduling: A literature review},
  author={Cardoen, Brecht and Demeulemeester, Erik and Beli{\"e}n, Jeroen},
  journal={European journal of operational research},
  volume={201},
  number={3},
  pages={921--932},
  year={2010},
  publisher={Elsevier}
}


@Article{	  deng2020,
  author	= {Deng, Yan and Shen, Siqian and Denton, Brian},
  title		= {Chance-Constrained Surgery Planning Under Conditions of
		  Limited and Ambiguous Data},
  journal	= {INFORMS Journal on Computing},
  volume	= {31},
  number	= {3},
  pages		= {559-575},
  year		= {2019}
}

@Article{	  denton2010optimal,
  author	= {Denton, Brian T. and Miller, Andrew J. and
		  Balasubramanian, Hari J. and Huschka, Todd R.},
  journal	= {Operations Research},
  number	= {4 PART 1},
  pages		= {802--816},
  publisher	= {INFORMS},
  title		= {{Optimal allocation of surgery blocks to operating rooms
		  under uncertainty}},
  volume	= {58},
  year		= {2010}
}

@Article{	  batun2011operating,
  author	= {Batun, Sakine and Denton, Brian T. and Huschka, Todd R.
		  and Schaefer, Andrew J.},
  journal	= {INFORMS Journal on Computing},
  number	= {2},
  pages		= {220--237},
  publisher	= {INFORMS},
  title		= {{Operating room pooling and parallel surgery processing
		  under uncertainty}},
  volume	= {23},
  year		= {2011}
}

@Article{	  luedtke2008sample,
  author	= {Luedtke, James and Ahmed, Shabbir},
  journal	= {SIAM Journal on Optimization},
  number	= {2},
  pages		= {674--699},
  publisher	= {SIAM},
  title		= {{A sample approximation approach for optimization with
		  probabilistic constraints}},
  volume	= {19},
  year		= {2008}
}

@Article{	  atamturk2008polymatroids,
  author	= {Atamt{\"{u}}rk, Alper and Narayanan, Vishnu},
  journal	= {Operations Research Letters},
  number	= {5},
  pages		= {618--622},
  publisher	= {Elsevier},
  title		= {{Polymatroids and mean-risk minimization in discrete
		  optimization}},
  volume	= {36},
  year		= {2008}
}

@Article{	  zhang2018ambiguous,
  author	= {Zhang, Yiling and Jiang, Ruiwei and Shen, Siqian},
  journal	= {SIAM Journal on Optimization},
  number	= {4},
  pages		= {2922--2944},
  publisher	= {SIAM},
  title		= {{Ambiguous chance-constrained binary programs under
		  mean-covariance information}},
  volume	= {28},
  year		= {2018}
}

@InProceedings{	  lubin2017mixed,
  author	= {Lubin, Miles and Zadik, Ilias and Vielma, Juan Pablo},
  booktitle	= {Lecture Notes in Computer Science (including subseries
		  Lecture Notes in Artificial Intelligence and Lecture Notes
		  in Bioinformatics)},
  isbn		= {9783319592497},
  organization	= {Springer},
  pages		= {392--404},
  title		= {{Mixed-integer convex representability}},
  volume	= {10328 LNCS},
  year		= {2017}
}

@Article{	  coey2018outer,
  author	= {Coey, Chris and Lubin, Miles and Vielma, Juan Pablo},
  journal	= {Mathematical Programming Computation},
  number	= {2},
  pages		= {249--293},
  title		= {{Outer approximation with conic certificates for
		  mixed-integer convex problems}},
  volume	= {12},
  year		= {2020}
}

@Article{	  wei2020new,
  author	= {Wei, Lijun and Luo, Zhixing and Baldacci, Roberto and Lim,
		  Andrew},
  journal	= {INFORMS Journal on Computing},
  number	= {2},
  pages		= {428--443},
  publisher	= {INFORMS},
  title		= {{A new branch-and-price-and-cut algorithm for
		  one-dimensional bin-packing problems}},
  volume	= {32},
  year		= {2020}
}

@inproceedings{gamrath2010experiments,
author = {Gamrath, Gerald and L\"{u}bbecke, Marco E.},
title = {Experiments with a Generic Dantzig-Wolfe Decomposition for Integer Programs},
year = {2010},
publisher = {Springer-Verlag},
address = {Berlin, Heidelberg},
booktitle = {Proceedings of the 9th International Symposium on Experimental Algorithms},
pages = {239–252},
numpages = {14},
location = {Naples, Italy},
series = {SEA'10}
}




@InCollection{	  lubbecke2012primal,
  author	= {L{\"{u}}bbecke, Marco and Puchert, Christian},
  booktitle	= {Operations Research Proceedings 2011},
  pages		= {65--70},
  publisher	= {Springer},
  title		= {{Primal heuristics for branch-and-price algorithms}},
  year		= {2012}
}

@Article{	  sadykov2019primal,
  author	= {Sadykov, Ruslan and Vanderbeck, Fran{\c{c}}ois and Pessoa,
		  Artur and Tahiri, Issam and Uchoa, Eduardo},
  journal	= {INFORMS Journal on Computing},
  number	= {2},
  pages		= {251--267},
  publisher	= {INFORMS},
  title		= {{Primal heuristics for branch and price: The assets of
		  diving methods}},
  volume	= {31},
  year		= {2019}
}

@Article{	  sadykov2013bin,
  author	= {Sadykov, Ruslan and Vanderbeck, Fran{\c{c}}ois},
  journal	= {INFORMS Journal on Computing},
  number	= {2},
  pages		= {244--255},
  publisher	= {INFORMS},
  title		= {{Bin packing with conflicts: A generic branch-and-price
		  algorithm}},
  volume	= {25},
  year		= {2013}
}

@Article{	  song2014chance,
  author	= {Song, Yongjia and Luedtke, James R. and
		  K{\"{u}}{\c{c}}{\"{u}}kyavuz, Simge},
  journal	= {INFORMS Journal on Computing},
  number	= {4},
  pages		= {735--747},
  publisher	= {INFORMS},
  title		= {{Chance-constrained binary packing problems}},
  volume	= {26},
  year		= {2014}
}

@Article{	  delorme2016bin,
  author	= {Delorme, Maxence and Iori, Manuel and Martello, Silvano},
  journal	= {European Journal of Operational Research},
  number	= {1},
  pages		= {1--20},
  publisher	= {Elsevier},
  title		= {{Bin packing and cutting stock problems: Mathematical
		  models and exact algorithms}},
  volume	= {255},
  year		= {2016}
}

@Article{	  zhang2020branch,
  author	= {Zhang, Zheng and Denton, Brian T. and Xie, Xiaolan},
  journal	= {INFORMS Journal on Computing},
  number	= {3},
  pages		= {547--564},
  publisher	= {INFORMS},
  title		= {{Branch and price for chance-constrained bin packing}},
  volume	= {32},
  year		= {2020}
}

@Article{	  goyal2010ptas,
  author	= {Goyal, Vineet and Ravi, R.},
  journal	= {Operations Research Letters},
  number	= {3},
  pages		= {161--164},
  publisher	= {Elsevier},
  title		= {{A PTAS for the chance-constrained knapsack problem with
		  random item sizes}},
  volume	= {38},
  year		= {2010}
}

@Article{	  gleixner2020price,
  author	= {Gleixner, Ambros and Maher, Stephen J. and M{\"{u}}ller,
		  Benjamin and Pedroso, Jo{\~{a}}o Pedro},
  journal	= {Annals of Operations Research},
  number	= {2},
  pages		= {527--555},
  publisher	= {Springer},
  title		= {{Price-and-verify: a new algorithm for recursive circle
		  packing using Dantzig–Wolfe decomposition}},
  volume	= {284},
  year		= {2020}
}

@Article{	  d2010piecewise,
  author	= {D'Ambrosio, Claudia and Lodi, Andrea and Martello,
		  Silvano},
  journal	= {Operations Research Letters},
  number	= {1},
  pages		= {39--46},
  publisher	= {Elsevier},
  title		= {{Piecewise linear approximation of functions of two
		  variables in MILP models}},
  volume	= {38},
  year		= {2010}
}

@InProceedings{d2012algorithmic,
author="D'Ambrosio, Claudia 
and Lee, Jon
and W{\"a}chter, Andreas",
editor="Lee, Jon
and Leyffer, Sven",
title="An Algorithmic Framework for {MINLP} with Separable Non-Convexity",
booktitle="Mixed Integer Nonlinear Programming",
year="2012",
publisher="Springer New York",
address="New York, NY",
pages="315--347",
}


@article{coniglio2019lexicographic,
  title={A lexicographic pricer for the fractional bin packing problem},
  author={Coniglio, Stefano and D’andreagiovanni, Fabio and Furini, Fabio},
  journal={Operations Research Letters},
  volume={47},
  number={6},
  pages={622--628},
  year={2019},
  publisher={Elsevier}
}


@InProceedings{geissler2012using,
author="Gei{\ss}ler, Bj{\"o}rn
and Martin, Alexander
and Morsi, Antonio
and Schewe, Lars",
editor="Lee, Jon
and Leyffer, Sven",
title="Using Piecewise Linear Functions for Solving {MINLPs}",
booktitle="Mixed Integer Nonlinear Programming",
year="2012",
publisher="Springer New York",
address="New York, NY",
pages="287--314",
}

@Article{	  vance1994solving,
  author	= {Vance, Pamela H. and Barnhart, Cynthia and Johnson, Ellis
		  L. and Nemhauser, George L.},
  journal	= {Computational Optimization and Applications},
  number	= {2},
  pages		= {111--130},
  publisher	= {Springer},
  title		= {{Solving binary cutting stock problems by column
		  generation and branch-and-bound}},
  volume	= {3},
  year		= {1994}
}



@article{allman2021branch,
  title={Branch-and-price for a class of nonconvex mixed-integer nonlinear programs},
  author={Allman, Andrew and Zhang, Qi},
  journal={Journal of Global Optimization},
  volume={81},
  number={4},
  pages={861--880},
  year={2021},
  publisher={Springer}
}


@Article{	  d2019strengthening,
  author	= {D'Ambrosio, Claudia and Frangioni, Antonio and Gentile,
		  Claudio},
  journal	= {Optimization Letters},
  number	= {4},
  pages		= {673--684},
  publisher	= {Springer},
  title		= {{Strengthening the sequential convex {MINLP} technique by
		  perspective reformulations}},
  volume	= {13},
  year		= {2019}
}


@Article{	  farley1990note,
  author	= {Farley, A. A.},
  journal	= {Operations Research},
  number	= {5},
  pages		= {922--923},
  publisher	= {INFORMS},
  title		= {{Note on bounding a class of linear programming problems,
		  including cutting stock problems}},
  volume	= {38},
  year		= {1990}
}

@Article{	  wentges1997weighted,
  author	= {Wentges, P.},
  journal	= {International Transactions in Operational Research},
  number	= {2},
  pages		= {151--162},
  publisher	= {Elsevier},
  title		= {{Weighted dantzig-wolfe decomposition for linear
		  mixed-integer programming}},
  volume	= {4},
  year		= {1997}
}

@Article{	  berjon2015optimal,
  author	= {Berj{\'{o}}n, Daniel and Gallego, Guillermo and Cuevas,
		  Carlos and Mor{\'{a}}n, Francisco and Garc{\'{i}}a, Narciso},
  journal	= {IEEE Transactions on Cybernetics},
  number	= {10},
  pages		= {2584--2595},
  publisher	= {IEEE},
  title		= {{Optimal piecewise linear function approximation for
		  gpu-based applications}},
  volume	= {46},
  year		= {2015}
}

@Article{	  ni2021branch,
  title		= {A branch-and-price algorithm for facility location with
		  general facility cost functions},
  author	= {Ni, Wenjun and Shu, Jia and Song, Miao and Xu, Dachuan and
		  Zhang, Kaike},
  journal	= {INFORMS Journal on Computing},
  volume	= {33},
  number	= {1},
  pages		= {86--104},
  year		= {2021},
  publisher	= {INFORMS}
}

@Article{	  barmann2021piecewise,
  title		= {On Piecewise Linear Approximations of Bilinear Terms:
		  Structural Comparison of Univariate and Bivariate
		  Mixed-Integer Programming Formulations},
  author	= {B{\"a}rmann, Andreas and Burlacu, Robert and Hager, Lukas
		  and Kleinert, Thomas},
  year		= {2021}
}



@article{blanco2023branch,
  title={A branch-and-price approach for the continuous multifacility monotone ordered median problem},
  author={Blanco, V{\'\i}ctor and G{\'a}zquez, Ricardo and Ponce, Diego and Puerto, Justo},
  journal={European Journal of Operational Research},
  volume={306},
  number={1},
  pages={105--126},
  year={2023},
  publisher={Elsevier}
}


@inproceedings{pessoa2021solving,
  title={Solving bin packing problems using vrpsolver models},
  author={Pessoa, Artur and Sadykov, Ruslan and Uchoa, Eduardo},
  booktitle={Operations Research Forum},
  volume={2},
  number={2},
  pages={20},
  year={2021},
  organization={Springer}
}

@article{pessoa2020generic,
  title={A generic exact solver for vehicle routing and related problems},
  author={Pessoa, Artur and Sadykov, Ruslan and Uchoa, Eduardo and Vanderbeck, Fran{\c{c}}ois},
  journal={Mathematical Programming},
  volume={183},
  pages={483--523},
  year={2020},
  publisher={Springer}
}

@article{pecin2017improved,
  title={Improved branch-cut-and-price for capacitated vehicle routing},
  author={Pecin, Diego and Pessoa, Artur and Poggi, Marcus and Uchoa, Eduardo},
  journal={Mathematical Programming Computation},
  volume={9},
  pages={61--100},
  year={2017},
  publisher={Springer}
}

@article{gelinas1995new,
  title={A new branching strategy for time constrained routing problems with application to backhauling},
  author={G{\'e}linas, Sylvie and Desrochers, Martin and Desrosiers, Jacques and Solomon, Marius M},
  journal={Annals of Operations Research},
  volume={61},
  pages={91--109},
  year={1995},
  publisher={Springer}
}

@article{xu2022branch,
  title={Branch-and-price for energy optimization in multi-hop wireless sensor networks},
  author={Xu, Liding and Haddad Vanier, Sonia},
  journal={Networks},
  volume={80},
  number={1},
  pages={123--148},
  year={2022},
  publisher={Wiley Online Library}
}

@InProceedings{	  chou2003practical,
	author	= {Chou, P and Wu, Y and Jain, K},
	booktitle	= {In Allerton Conference on Communication, Control, and
	Computing},
	organization	= {The University; 1998},
	pages		= {1--7},
	title		= {{Practical Network Coding}},
	volume	= {41},
	year		= {2003}
}

@Article{	  atamturk2002splittable,
	author	= {Atamt{\"{u}}rk, Alper and Rajan, Deepak},
	issn		= {00255610},
	journal	= {Mathematical Programming, Series B},
	number	= {2},
	pages		= {315--333},
	publisher	= {Springer},
	title		= {{On splittable and unsplittable flow capacitated network
	design arc-set polyhedra}},
	volume	= {92},
	year		= {2002}
}

@InProceedings{	  vejlgaard2017coverage,
	author	= {Vejlgaard, Benny and Lauridsen, Mads and Nguyen, Huan and
	Kovacs, Istvan Z. and Mogensen, Preben and Sorensen, Mads},
	booktitle	= {IEEE Vehicular Technology Conference},
	isbn		= {9781509059324},
	issn		= {15502252},
	organization	= {IEEE},
	pages		= {1--5},
	title		= {{Coverage and capacity analysis of Sigfox, LoRa, GPRS, and
	NB-IoT}},
	volume	= {2017-June},
	year		= {2017}
}

@Article{	  achterberg2005branching,
	author	= {Achterberg, Tobias and Koch, Thorsten and Martin,
	Alexander},
	issn		= {01676377},
	journal	= {Operations Research Letters},
	number	= {1},
	pages		= {42--54},
	publisher	= {Elsevier},
	title		= {{Branching rules revisited}},
	volume	= {33},
	year		= {2005}
}







@TECHREPORT{pelegrin:hal-02902566,
  TITLE = {{Aircraft deconfliction via mathematical programming: Review and insights}},
  AUTHOR = {Pelegr{\'i}n, Mercedes and D'Ambrosio, Claudia},
  URL = {https://hal.archives-ouvertes.fr/hal-02902566},
  YEAR = {2021},
  MONTH = Mar,
  institution = {{\'{E}}cole Polytechnique},
  PDF = {https://hal.archives-ouvertes.fr/hal-02902566v3/file/survey-HAL-v3.pdf},
  HAL_ID = {hal-02902566},
  HAL_VERSION = {v3},
}






@article{an2005dc,
author = {{Le Thi}, Hoai An and {Pham Dinh}, Tao},
issn = {1436-4646},
journal = {Mathematical Programming},
number = {1},
pages = {5--68},
title = {{DC programming and DCA: thirty years of developments}},
volume = {169},
year = {2018}
}







@Inbook{balas2001projection,
author="Balas, Egon",
editor="J{\"u}nger, Michael
and Naddef, Denis",
title="Projection and Lifting in Combinatorial Optimization",
bookTitle="Computational Combinatorial Optimization: Optimal or Provably Near-Optimal Solutions",
year="2001",
publisher="Springer Berlin Heidelberg",
address="Berlin, Heidelberg",
pages="26--56",
isbn="978-3-540-45586-8"
}



@article{hillestad1980linear,
author = {Hillestad, Richard J and Jacobsen, Stephen E},
issn = {1432-0606},
journal = {Applied Mathematics and Optimization},
number = {1},
pages = {257--269},
title = {{Linear programs with an additional reverse convex constraint}},
volume = {6},
year = {1980}
}


@techreport{tawarmalani2013decomposition,
  title={Decomposition techniques in convexification of inequalities},
  author={Tawarmalani, Mohit and Richard, Jean-Philippe P},
  year={2013}
}






@inbook{edmonds,
author = {Edmonds, Jack},
title = {Submodular Functions, Matroids, and Certain Polyhedra},
year = {2003},
isbn = {3540005803},
publisher = {Springer-Verlag},
address = {Berlin, Heidelberg},
booktitle = {Combinatorial Optimization - Eureka, You Shrink!},
pages = {11–26},
numpages = {16}
}



@misc{wiki,
   author = "Wikipedia",
   title = "{Homogeneous function} --- {W}ikipedia{,} The Free Encyclopedia",
   year = "2022",
   howpublished = {\url{http://en.wikipedia.org/w/index.php?title=Homogeneous\%20function&oldid=1061619792}},
   note = "[Online; accessed 13-January-2022]"
 }

@article{lubin2018polyhedral,
  title={Polyhedral approximation in mixed-integer convex optimization},
  author={Lubin, Miles and Yamangil, Emre and Bent, Russell and Vielma, Juan Pablo},
  journal={Mathematical Programming},
  volume={172},
  number={1},
  pages={139--168},
  year={2018},
  publisher={Springer}
}





@Article{	  boyd2007tutorial,
  title		= {A tutorial on geometric programming},
  author	= {Boyd, Stephen and Kim, Seung-Jean and Vandenberghe, Lieven
		  and Hassibi, Arash},
  journal	= {Optimization and engineering},
  volume	= {8},
  number	= {1},
  pages		= {67--127},
  year		= {2007},
  publisher	= {Springer}
}



@InProceedings{chmiela2021implementation,
author="Chmiela, Antonia
and Mu{\~{n}}oz, Gonzalo
and Serrano, Felipe",
editor="Singh, Mohit
and Williamson, David P.",
title={On the Implementation and Strengthening of Intersection Cuts for {QCQPs}},
booktitle="Integer Programming and Combinatorial Optimization",
year="2021",
publisher="Springer International Publishing",
address="Cham",
pages="134--147",
isbn="978-3-030-73879-2"
}








@Article{	  jefferson1978,
  author	= {Jefferson, TR and Scott, CH},
  issn		= {00223239},
  journal	= {Journal of Optimization Theory and Applications},
  month		= {sep},
  number	= {1},
  pages		= {117--129},
  publisher	= {Springer},
  title		= {{Generalized geometric programming applied to problems of
		  optimal control: I. Theory}},
  url		= {https://link.springer.com/article/10.1007/BF00933274},
  volume	= {26},
  year		= {1978}
}

@Article{	  jabr2007a,
  author	= {Jabr, R. A.},
  issn		= {03321649},
  journal	= {COMPEL - The International Journal for Computation and
		  Mathematics in Electrical and Electronic Engineering},
  number	= {2},
  pages		= {461--475},
  title		= {{Inductor design using signomial programming}},
  volume	= {26},
  year		= {2007}
}

@InProceedings{	  kwan2007,
  author	= {Kwan, Hing Kit and Ho, Yuen Ng Alvin and Wong, Ngai and
		  Ho, Ka Leung},
  booktitle	= {2007 International Symposium on VLSI Design, Automation
		  and Test, VLSI-DAT 2007 - Proceedings of Technical Papers},
  isbn		= {1424405831},
  title		= {{Designing globally optimal delta-sigma modulator
		  topologies via signomial programming}},
  year		= {2007}
}




@article{avriel1967,
author = {Avriel, Mordecai and Wilde, Douglass J.},
title = {Optimal Condenser Design by Geometric Programming},
journal = {Industrial \& Engineering Chemistry Process Design and Development},
volume = {6},
number = {2},
pages = {256-263},
year = {1967},
 publisher	= {American Chemical Society},
}





@article{duffin1966,
  title={Duality theory for geometric programming},
  author={Duffin, RJ and Peterson, Elmor L},
  journal={SIAM Journal on Applied Mathematics},
  volume={14},
  number={6},
  pages={1307--1349},
  year={1966},
  publisher={SIAM}
}



@Article{	  bjork2002a,
  author	= {Bj{\"{o}}rk, Kaj Mikael and Westerlund, Tapio},
  issn		= {00981354},
  journal	= {Computers and Chemical Engineering},
  month		= {nov},
  number	= {11},
  pages		= {1581--1593},
  publisher	= {Pergamon},
  title		= {{Global optimization of heat exchanger network synthesis
		  problems with and without the isothermal mixing
		  assumption}},
  volume	= {26},
  year		= {2002}
}


@Article{	  balas1980strengthening,
  title		= {Strengthening cuts for mixed integer programs},
  author	= {Balas, Egon and Jeroslow, Robert G},
  journal	= {European Journal of Operational Research},
  volume	= {4},
  number	= {4},
  pages		= {224--234},
  year		= {1980},
  publisher	= {Elsevier}
}

@Article{	  balas2012monoidal,
  title		= {Monoidal cut strengthening revisited},
  author	= {Balas, Egon and Qualizza, Andrea},
  journal	= {Discrete Optimization},
  volume	= {9},
  number	= {1},
  pages		= {40--49},
  year		= {2012},
  publisher	= {Elsevier}
}



@InProceedings{meyer20042,
author="Meyer, C. A.
and Floudas, C. A.",
editor="Floudas, C. A.
and Pardalos, Panos",
title="Trilinear Monomials with Positive or Negative Domains: Facets of the Convex and Concave Envelopes",
booktitle="Frontiers in Global Optimization",
year="2004",
publisher="Springer US",
address="Boston, MA",
pages="327--352",
}


@article{he2022tractable,
  title={Tractable relaxations of composite functions},
  author={He, Taotao and Tawarmalani, Mohit},
  journal={Mathematics of Operations Research},
  volume={47},
  number={2},
  pages={1110--1140},
  year={2022},
  publisher={INFORMS}
}



@InCollection{	  chiang2009,
  author	= {Chiang, Mung},
  pages		= {137--196},
  title		= {{Nonconvex Optimization for Communication Networks}},
  year		= {2009}
}


@Article{	  rountree1982,
  author	= {Rountree, D. H. and Rigler, A. K.},
  issn		= {00223239},
  journal	= {Journal of Optimization Theory and Applications},
  month		= {oct},
  number	= {2},
  pages		= {169--178},
  publisher	= {Springer},
  title		= {{A penalty treatment of equality constraints in
		  generalized geometric programming}},
  url		= {https://link.springer.com/article/10.1007/BF00934080},
  volume	= {38},
  year		= {1982}
}



@article{dressler2022algebraic,
  title={Algebraic perspectives on signomial optimization},
  author={Dressler, Mareike and Murray, Riley},
  journal={SIAM Journal on Applied Algebra and Geometry},
  volume={6},
  number={4},
  pages={650--684},
  year={2022},
  publisher={SIAM}
}


@article{nemhauser1990recursive,
  title={A recursive procedure to generate all cuts for 0--1 mixed integer programs},
  author={Nemhauser, George L and Wolsey, Laurence A},
  journal={Mathematical Programming},
  volume={46},
  number={1},
  pages={379--390},
  year={1990},
  publisher={Springer}
}

@article{dey2010constrained,
  title={Constrained infinite group relaxations of MIPs},
  author={Dey, Santanu S and Wolsey, Laurence A},
  journal={SIAM Journal on Optimization},
  volume={20},
  number={6},
  pages={2890--2912},
  year={2010},
  publisher={SIAM}
}


@article{gomory1972,
author = {Gomory, Ralph E. and Johnson, Ellis L.},
journal = {Mathematical Programming},
month = {dec},
number = {1},
pages = {23--85},
publisher = {Springer-Verlag},
title = {{Some continuous functions related to corner polyhedra}},
volume = {3},
year = {1972}
}






@incollection{lundell2012global,
  title={Global optimization of mixed-integer signomial programming problems},
  author={Lundell, Andreas and Westerlund, Tapio},
  booktitle={Mixed Integer Nonlinear Programming},
  pages={349--369},
  year={2012},
  publisher={Springer}
}





@article{tardella1988class,
  title={On a class of functions attaining their maximum at the vertices of a polyhedron},
  author={Tardella, Fabio},
  journal={Discrete applied mathematics},
  volume={22},
  number={2},
  pages={191--195},
  year={1988},
  publisher={Elsevier}
}

@article{meyer2005convex,
  title={Convex envelopes for edge-concave functions},
  author={Meyer, Clifford A and Floudas, Christodoulos A},
  journal={Mathematical programming},
  volume={103},
  number={2},
  pages={207--224},
  year={2005},
  publisher={Springer}
}

@incollection{tardella2004existence,
  title={On the existence of polyhedral convex envelopes},
  author={Tardella, Fabio},
  booktitle={Frontiers in global optimization},
  pages={563--573},
  year={2004},
  publisher={Springer}
}




@article{ermol1966methods,
  title={Methods of solution of nonlinear extremal problems},
  author={Ermol'ev, Yu M},
  journal={Cybernetics},
  volume={2},
  number={4},
  pages={1--14},
  year={1966},
  publisher={Springer}
}






@Article{	  cornuejols2015,
  author	= {Cornu{\'{e}}jols, G{\'{e}}rard and Wolsey, Laurence and
		  Yıldız, Sercan},
  issn		= {14364646},
  journal	= {Mathematical Programming},
  number	= {1-2},
  pages		= {643--651},
  publisher	= {Springer Verlag},
  title		= {{Sufficiency of cut-generating functions}},
  volume	= {152},
  year		= {2015}
}









@InProceedings{andersen2013,
author="Andersen, Kent
and Jensen, Anders Nedergaard",
editor="Goemans, Michel
and Correa, Jos{\'e}",
title="Intersection Cuts for Mixed Integer Conic Quadratic Sets",
booktitle="Integer Programming and Combinatorial Optimization",
year="2013",
publisher="Springer Berlin Heidelberg",
address="Berlin, Heidelberg",
pages="37--48",
isbn="978-3-642-36694-9"
}











@Article{	  barker1981theory,
  title		= {Theory of cones},
  author	= {Barker, George Phillip},
  journal	= {Linear Algebra and its Applications},
  volume	= {39},
  pages		= {263--291},
  year		= {1981},
  publisher	= {Elsevier}
}

@Article{	  basu2010a,
  author	= {Basu, Amitabh and Conforti, Michele and Cornu{\'{e}}jols,
		  G{\'{e}}rard and Zambelli, Giacomo},
  issn		= {08954801},
  journal	= {SIAM Journal on Discrete Mathematics},
  number	= {1},
  pages		= {158--168},
  title		= {{Minimal inequalities for an infinite relaxation of
		  integer programs}},
  volume	= {24},
  year		= {2010}
}



@Article{	  borozan2009,
  author	= {Borozan, Valentin and Cornu{\'{e}}jols, G{\'{e}}rard},
  issn		= {0364765X},
  journal	= {Mathematics of Operations Research},
  month		= {aug},
  number	= {3},
  pages		= {538--546},
  title		= {{Minimal valid inequalities for integer constraints}},
  volume	= {34},
  year		= {2009}
}

@Article{vigerske2017,
  author	= {Vigerske, Stefan and Gleixner, Ambros},
  issn		= {10294937},
  journal	= {Optimization Methods and Software},
  month		= {may},
  number	= {3},
  pages		= {563--593},
  publisher	= {Taylor & Francis},
  title		= {{SCIP: global optimization of mixed-integer nonlinear
		  programs in a branch-and-cut framework}},
  volume	= {33},
  year		= {2018}
}





@Article{	  bienstock2020,
  archiveprefix	= {arXiv},
  arxivid	= {1610.04604},
  author	= {Bienstock, Daniel and Chen, Chen and Mu{\~{n}}oz, Gonzalo},
  eprint	= {1610.04604},
  issn		= {14364646},
  journal	= {Mathematical Programming},
  number	= {1-2},
  pages		= {105--148},
  publisher	= {Springer},
  title		= {{Outer-product-free sets for polynomial optimization and
		  oracle-based cuts}},
  volume	= {183},
  year		= {2020}
}














@article{barrera2022convex,
author = {Barrera, Javiera and Moreno, Eduardo and Mu{\~{n}}oz, Gonzalo},
issn = {1862-4480},
journal = {Optimization Letters},
title = {{Convex envelopes for ray-concave functions}},
year = {2022}
}


@article{anstreicher2021convex,
  title={Convex hull representations for bounded products of variables},
  author={Anstreicher, Kurt M and Burer, Samuel and Park, Kyungchan},
  journal={Journal of Global Optimization},
  volume={80},
  number={4},
  pages={757--778},
  year={2021},
  publisher={Springer}
}

@article{wang2022weighted,
  title={Weighted Geometric Mean, Minimum Mediated Set, and Optimal Second-Order Cone Representation},
  author={Wang, Jie},
  journal={arXiv preprint arXiv:2206.05924},
  year={2022}
}

@article{conforti2019facet,
  title={{“Facet” separation with one linear program}},
  author={Conforti, Michele and Wolsey, Laurence A},
  journal={Mathematical Programming},
  volume={178},
  number={1},
  pages={361--380},
  year={2019},
  publisher={Springer}
}


@article{bestuzheva2023global,
  title={Global Optimization of Mixed-Integer Nonlinear Programs with SCIP 8},
  author={Bestuzheva, Ksenia and Chmiela, Antonia and M{\"u}ller, Benjamin and Serrano, Felipe and Vigerske, Stefan and Wegscheider, Fabian},
  journal={arXiv preprint arXiv:2301.00587},
  year={2023}
}


@inproceedings{liberti2010reformulation,
  title={The reformulation-optimization software engine},
  author={Liberti, Leo and Cafieri, Sonia and Savourey, David},
  booktitle={Mathematical Software--ICMS 2010: Third International Congress on Mathematical Software, Kobe, Japan, September 13-17, 2010. Proceedings 3},
  pages={303--314},
  year={2010},
  organization={Springer}
}




@article{cafieri2010convex,
  title={On convex relaxations of quadrilinear terms},
  author={Cafieri, Sonia and Lee, Jon and Liberti, Leo},
  journal={Journal of Global Optimization},
  volume={47},
  pages={661--685},
  year={2010},
  publisher={Springer}
}


@article{speakman2017quantifying,
  title={Quantifying double mccormick},
  author={Speakman, Emily and Lee, Jon},
  journal={Mathematics of Operations Research},
  volume={42},
  number={4},
  pages={1230--1253},
  year={2017},
  publisher={INFORMS}
}


@article{lin2012range,
  title={Range reduction techniques for improving computational efficiency in global optimization of signomial geometric programming problems},
  author={Lin, Ming-Hua and Tsai, Jung-Fa},
  journal={European Journal of Operational Research},
  volume={216},
  number={1},
  pages={17--25},
  year={2012},
  publisher={Elsevier}
}


@article{sherali1997convex,
  title={Convex envelopes of multilinear functions over a unit hypercube and over special discrete sets},
  author={Sherali, Hanif D},
  journal={Acta mathematica vietnamica},
  volume={22},
  number={1},
  pages={245--270},
  year={1997},
  publisher={Citeseer}
}

@article{bao2015global,
  title={Global optimization of nonconvex problems with multilinear intermediates},
  author={Bao, Xiaowei and Khajavirad, Aida and Sahinidis, Nikolaos V and Tawarmalani, Mohit},
  journal={Mathematical Programming Computation},
  volume={7},
  pages={1--37},
  year={2015},
  publisher={Springer}
}

@article{meyer2004trilinear,
  title={Trilinear monomials with mixed sign domains: Facets of the convex and concave envelopes},
  author={Meyer, Clifford A and Floudas, Christodoulos A},
  journal={Journal of Global Optimization},
  volume={29},
  pages={125--155},
  year={2004},
  publisher={Springer}
}

@article{luedtke2012some,
  title={Some results on the strength of relaxations of multilinear functions},
  author={Luedtke, James and Namazifar, Mahdi and Linderoth, Jeff},
  journal={Mathematical programming},
  volume={136},
  number={2},
  pages={325--351},
  year={2012},
  publisher={Springer}
}




@article{BALAS2015189,
title = {Intersection cuts—standard versus restricted},
journal = {Discrete Optimization},
volume = {18},
pages = {189-192},
year = {2015},
issn = {1572-5286},
author = {E. Balas and T. Kis},
}



@article{lieb1973proof,
  title={Proof of the strong subadditivity of quantum-mechanical entropy},
  author={Lieb, Elliott H and Ruskai, Mary Beth},
  journal={Les rencontres physiciens-math{\'e}maticiens de Strasbourg-RCP25},
  volume={19},
  pages={36--55},
  year={1973}
}

@article{basu2010maximal,
  title={Maximal lattice-free convex sets in linear subspaces},
  author={Basu, Amitabh and Conforti, Michele and Cornu{\'e}jols, G{\'e}rard and Zambelli, Giacomo},
  journal={Mathematics of Operations Research},
  volume={35},
  number={3},
  pages={704--720},
  year={2010},
  publisher={INFORMS}
}


@article{van2002renyi,
  title={Renyi-entropic bounds on quantum communication},
  author={Van Dam, Wim and Hayden, Patrick},
  journal={arXiv preprint quant-ph/0204093},
  year={2002}
}

@article{Audenaert,
author = {Audenaert,Koenraad M. R. },
title = {Subadditivity of q-entropies for q>1},
journal = {Journal of Mathematical Physics},
volume = {48},
number = {8},
pages = {083507},
year = {2007}
}

@article{balas1998disjunctive,
  title={Disjunctive programming: Properties of the convex hull of feasible points},
  author={Balas, Egon},
  journal={Discrete Applied Mathematics},
  volume={89},
  number={1-3},
  pages={3--44},
  year={1998},
  publisher={Elsevier}
}

@article{munoz2020maximal,
  title={Maximal quadratic-free sets},
  author={Mu{\~n}oz, Gonzalo and Serrano, Felipe},
  journal={Mathematical Programming},
  volume={192},
  number={1},
  pages={229--270},
  year={2022},
  publisher={Springer}
}


@article{conigliomaximizing,
  title={Maximizing submodular utility functions combined with a set-union operator over a discrete set},
  author={Coniglio, Stefano and Furini, Fabio and Ljubic, Ivana}
}


@article{baudart2021pipeline,
  title={Pipeline combinators for gradual automl},
  author={Baudart, Guillaume and Hirzel, Martin and Kate, Kiran and Ram, Parikshit and Shinnar, Avi and Tsay, Jason},
  journal={Advances in Neural Information Processing Systems},
  volume={34},
  pages={19705--19718},
  year={2021}
}

@article{ceccon2022omlt,
  title={OMLT: Optimization \& machine learning toolkit},
  author={Ceccon, Francesco and Jalving, Jordan and Haddad, Joshua and Thebelt, Alexander and Tsay, Calvin and Laird, Carl D and Misener, Ruth},
  journal={The Journal of Machine Learning Research},
  volume={23},
  number={1},
  pages={15829--15836},
  year={2022},
  publisher={JMLRORG}
}

@article{thebelt2022tree,
  title={Tree ensemble kernels for Bayesian optimization with known constraints over mixed-feature spaces},
  author={Thebelt, Alexander and Tsay, Calvin and Lee, Robert and Sudermann-Merx, Nathan and Walz, David and Shafei, Behrang and Misener, Ruth},
  journal={Advances in Neural Information Processing Systems},
  volume={35},
  pages={37401--37415},
  year={2022}
}

@article{misener2012global,
  title={Global optimization of mixed-integer models with quadratic and signomial functions: a review},
  author={Misener, Ruth and Floudas, Christodoulos A},
  journal={Applied and Computational Mathematics},
  year={2012}
}

@article{tsay2021partition,
  title={Partition-based formulations for mixed-integer optimization of trained ReLU neural networks},
  author={Tsay, Calvin and Kronqvist, Jan and Thebelt, Alexander and Misener, Ruth},
  journal={Advances in Neural Information Processing Systems},
  volume={34},
  pages={3068--3080},
  year={2021}
}

@article{zhang2023optimizing,
  title={Optimizing over trained GNNs via symmetry breaking},
  author={Zhang, Shiqiang and Salazar, Juan S Campos and Feldmann, Christian and Walz, David and Sandfort, Frederik and Mathea, Miriam and Tsay, Calvin and Misener, Ruth},
  journal={arXiv preprint arXiv:2305.09420},
  year={2023}
}


@article{tjandraatmadja2020convex,
  title={The convex relaxation barrier, revisited: Tightened single-neuron relaxations for neural network verification},
  author={Tjandraatmadja, Christian and Anderson, Ross and Huchette, Joey and Ma, Will and Patel, Krunal Kishor and Vielma, Juan Pablo},
  journal={Advances in Neural Information Processing Systems},
  volume={33},
  pages={21675--21686},
  year={2020}
}

@article{corner1995characteristics,
  title={Characteristics of decisions in decision analysis practice},
  author={Corner, James L and Corner, Patricia D},
  journal={Journal of the Operational Research Society},
  volume={46},
  number={3},
  pages={304--314},
  year={1995},
  publisher={Taylor \& Francis}
}

@article{conforti1984submodular,
  title={Submodular set functions, matroids and the greedy algorithm: tight worst-case bounds and some generalizations of the Rado-Edmonds theorem},
  author={Conforti, Michele and Cornu{\'e}jols, G{\'e}rard},
  journal={Discrete applied mathematics},
  volume={7},
  number={3},
  pages={251--274},
  year={1984},
  publisher={Elsevier}
}


@article{levitin2008protection,
  title={Protection vs. redundancy in homogeneous parallel systems},
  author={Levitin, Gregory and Hausken, Kjell},
  journal={Reliability Engineering \& System Safety},
  volume={93},
  number={10},
  pages={1444--1451},
  year={2008},
  publisher={Elsevier}
}


@article{atamturk2017,
author = {Atamtürk, Alper and Gómez, Andrés},
title = {Maximizing a Class of Utility Functions Over the Vertices of a Polytope},
journal = {Operations Research},
volume = {65},
number = {2},
pages = {433-445},
year = {2017},
}

@article{krause2014submodular,
  title={Submodular function maximization.},
  author={Krause, Andreas and Golovin, Daniel},
  journal={Tractability},
  volume={3},
  pages={71--104},
  year={2014}
}



@article{aboolian2007competitive,
  title={Competitive facility location model with concave demand},
  author={Aboolian, Robert and Berman, Oded and Krass, Dmitry},
  journal={European Journal of Operational Research},
  volume={181},
  number={2},
  pages={598--619},
  year={2007},
  publisher={Elsevier}
}

@article{berman1998flow,
  title={Flow intercepting spatial interaction model: a new approach to optimal location of competitive facilities},
  author={Berman, Oded and Krass, Dmitry},
  journal={Location science},
  volume={6},
  number={1-4},
  pages={41--65},
  year={1998},
  publisher={Elsevier}
}





@article{BONAMI2008186,
title = {An algorithmic framework for convex mixed integer nonlinear programs},
journal = {Discrete Optimization},
volume = {5},
number = {2},
pages = {186-204},
year = {2008},
note = {In Memory of George B. Dantzig},
issn = {1572-5286},
author = {Pierre Bonami and Lorenz T. Biegler and Andrew R. Conn and Gérard Cornuéjols and Ignacio E. Grossmann and Carl D. Laird and Jon Lee and Andrea Lodi and François Margot and Nicolas Sawaya and Andreas Wächter},
}

@phdthesis{sagnol2010optimal,
  title={Optimal design of experiments with application to the inference of traffic matrices in large networks: second order cone programming and submodularity},
  author={Sagnol, Guillaume},
  year={2010},
  school={{\'E}cole Nationale Sup{\'e}rieure des Mines de Paris}
}


@book{boyd2004convex,
  title={Convex optimization},
  author={Boyd, Stephen and Boyd, Stephen P and Vandenberghe, Lieven},
  year={2004},
  publisher={Cambridge university press}
}

@article{frangioni2006perspective,
  title={Perspective cuts for a class of convex 0--1 mixed integer programs},
  author={Frangioni, Antonio and Gentile, Claudio},
  journal={Mathematical Programming},
  volume={106},
  number={2},
  pages={225--236},
  year={2006},
  publisher={Springer}
}

@article{bach2019submodular,
  title={Submodular functions: from discrete to continuous domains},
  author={Bach, Francis},
  journal={Mathematical Programming},
  volume={175},
  number={1},
  pages={419--459},
  year={2019},
  publisher={Springer}
}



@book{schrijver2003combinatorial,
  title={Combinatorial optimization: polyhedra and efficiency},
  author={Schrijver, Alexander and others},
  volume={24},
  year={2003},
  publisher={Springer}
}

@incollection{lovasz1983submodular,
  title={Submodular functions and convexity},
  author={Lov{\'a}sz, L{\'a}szl{\'o}},
  booktitle={Mathematical programming the state of the art},
  pages={235--257},
  year={1983},
  publisher={Springer}
}


@article{gunluk2010perspective,
  title={Perspective reformulations of mixed integer nonlinear programs with indicator variables},
  author={G{\"u}nl{\"u}k, Oktay and Linderoth, Jeff},
  journal={Mathematical programming},
  volume={124},
  number={1},
  pages={183--205},
  year={2010},
  publisher={Springer}
}




@article{vondrak2010submodularity,
  title={Submodularity and curvature: The optimal algorithm (combinatorial optimization and discrete algorithms)},
  author={Vondr{\'a}k, Jan},
  journal={  RIMS Kôkyûroku Bessatsu},
  volume={23},
  pages={253--266},
  year={2010},
  publisher={{京都大学数理解析研究所}}
}



@article{schrijver2000combinatorial,
  title={A combinatorial algorithm minimizing submodular functions in strongly polynomial time},
  author={Schrijver, Alexander},
  journal={Journal of Combinatorial Theory, Series B},
  volume={80},
  number={2},
  pages={346--355},
  year={2000},
  publisher={Elsevier}
}





@article{friedland2013submodular,
  title={Submodular spectral functions of principal submatrices of a hermitian matrix, extensions and applications},
  author={Friedland, S and Gaubert, S},
  journal={Linear Algebra and its Applications},
  volume={438},
  number={10},
  pages={3872--3884},
  year={2013},
  publisher={Elsevier}
}




@article{bertsimas2021new,
  title={A new perspective on low-rank optimization},
  author={Bertsimas, Dimitris and Cory-Wright, Ryan and Pauphilet, Jean},
  journal={arXiv preprint arXiv:2105.05947},
  year={2021}
}


@incollection{edmonds2003submodular,
  title={Submodular functions, matroids, and certain polyhedra},
  author={Edmonds, Jack},
  booktitle={Combinatorial Optimization—Eureka, You Shrink!},
  pages={11--26},
  year={2003},
  publisher={Springer}
}



@inproceedings{bouhtou,
author = {Bouhtou, Mustapha and Gaubert, Stéphane and Sagnol, Guillaume},
year = {2008},
month = {06},
pages = {},
title = {Optimization of Network Traffic Measurement : A Semidefinite Programming Approach}
}

@inproceedings{shamaiah2010greedy,
  title={Greedy sensor selection: Leveraging submodularity},
  author={Shamaiah, Manohar and Banerjee, Siddhartha and Vikalo, Haris},
  booktitle={49th IEEE conference on decision and control (CDC)},
  pages={2572--2577},
  year={2010},
  organization={IEEE}
}


@article{bouhtou2010submodularity,
  title={Submodularity and randomized rounding techniques for optimal experimental design},
  author={Bouhtou, Mustapha and Gaubert, Stephane and Sagnol, Guillaume},
  journal={Electronic Notes in Discrete Mathematics},
  volume={36},
  pages={679--686},
  year={2010},
  publisher={Elsevier}
}



@book{nesterov2018lectures,
  title={Lectures on convex optimization},
  author={Nesterov, Yurii and others},
  volume={137},
  year={2018},
  publisher={Springer}
}

@article{kolda2009tensor,
  title={Tensor decompositions and applications},
  author={Kolda, Tamara G and Bader, Brett W},
  journal={SIAM review},
  volume={51},
  number={3},
  pages={455--500},
  year={2009},
  publisher={SIAM}
}

@article{rendl2010solving,
  title={Solving max-cut to optimality by intersecting semidefinite and polyhedral relaxations},
  author={Rendl, Franz and Rinaldi, Giovanni and Wiegele, Angelika},
  journal={Mathematical Programming},
  volume={121},
  pages={307--335},
  year={2010},
  publisher={Springer}
}

@article{rinaldi1998rudy,
  title={Rudy},
  author={Rinaldi, Giovanni},
  journal={http://www-user. tu-chemnitz. de/helmberg/rudy. tar. gz},
  year={1998}
}


@article{liers2010non,
  title={A non-disordered glassy model with a tunable interaction range},
  author={Liers, Frauke and Marinari, Enzo and Pagacz, Ulrike and Ricci-Tersenghi, Federico and Schmitz, Vera},
  journal={Journal of Statistical Mechanics: Theory and Experiment},
  volume={2010},
  number={05},
  pages={L05003},
  year={2010},
  publisher={IOP Publishing}
}


@article{SAGNOL2013258,
  title={Approximation of a maximum-submodular-coverage problem involving spectral functions, with application to experimental designs},
  author={Sagnol, Guillaume},
  journal={Discrete Applied Mathematics},
  volume={161},
  number={1-2},
  pages={258--276},
  year={2013},
  publisher={Elsevier}
}


@article{sagnol2015computing,
  title={Computing exact $ D $-optimal designs by mixed integer second-order cone programming},
  author={Sagnol, Guillaume and Harman, Radoslav},
  journal={The Annals of Statistics},
  volume={43},
  number={5},
  pages={2198--2224},
  year={2015},
  publisher={Institute of Mathematical Statistics}
}


@article{Maehara2015,
author = {Maehara, Takanori and Murota, Kazuo},
doi = {10.1007/s10107-014-0792-y},
issn = {1436-4646},
journal = {Mathematical Programming},
number = {1},
pages = {435--466},
title = {{A framework of discrete DC programming by discrete convex analysis}},
url = {https://doi.org/10.1007/s10107-014-0792-y},
volume = {152},
year = {2015}
}


@article{crama1993concave,
  title={Concave extensions for nonlinear 0--1 maximization problems},
  author={Crama, Yves},
  journal={Mathematical Programming},
  volume={61},
  number={1},
  pages={53--60},
  year={1993},
  publisher={Springer}
}

@article{munoz2022towards,
  title={Towards a characterization of maximal quadratic-free sets},
  author={Mu{\~n}oz, Gonzalo and Paat, Joseph and Serrano, Felipe},
  journal={arXiv preprint arXiv:2211.05185},
  year={2022}
}





@misc{Ulriks,
	author = {Pagacz, Ulrike},
	title = {{POLIP: Library for polynomially constrained
mixed-integer programming}},
	year = {2023},
	month = {Jun},
    url = {https://polip.zib.de/},
	note = {Online accessed}
}

@article{yu2022constrained,
  title={On Constrained Mixed-Integer DR-Submodular Minimization},
  author={Yu, Qimeng and K{\"u}{\c{c}}{\"u}kyavuz, Simge},
  journal={arXiv preprint arXiv:2211.07726},
  year={2022}
}

@inproceedings{chen2022sparse,
  title={Sparse Multi-term Disjunctive Cuts for the Epigraph of a Function of Binary Variables},
  author={Chen, Rui and Luedtke, James},
  booktitle={International Conference on Integer Programming and Combinatorial Optimization},
  pages={98--111},
  year={2022},
  organization={Springer}
}

@article{sanderson2016armadillo,
  title={Armadillo: a template-based C++ library for linear algebra},
  author={Sanderson, Conrad and Curtin, Ryan},
  journal={Journal of Open Source Software},
  volume={1},
  number={2},
  pages={26},
  year={2016}
}

@article{del2018multilinear,
  title={The multilinear polytope for acyclic hypergraphs},
  author={Del Pia, Alberto and Khajavirad, Aida},
  journal={SIAM Journal on Optimization},
  volume={28},
  number={2},
  pages={1049--1076},
  year={2018},
  publisher={SIAM}
}

@article{del2017polyhedral,
  title={A polyhedral study of binary polynomial programs},
  author={Del Pia, Alberto and Khajavirad, Aida},
  journal={Mathematics of Operations Research},
  volume={42},
  number={2},
  pages={389--410},
  year={2017},
  publisher={INFORMS}
}

@inproceedings{del2022simple,
  title={Simple Odd-Cycle Inequalities for Binary Polynomial Optimization},
  author={Del Pia, Alberto and Walter, Matthias},
  booktitle={International Conference on Integer Programming and Combinatorial Optimization},
  pages={181--194},
  year={2022},
  organization={Springer}
}

@article{del2020impact,
  title={On the impact of running intersection inequalities for globally solving polynomial optimization problems},
  author={Del Pia, Alberto and Khajavirad, Aida and Sahinidis, Nikolaos V},
  journal={Mathematical programming computation},
  volume={12},
  number={2},
  pages={165--191},
  year={2020},
  publisher={Springer}
}

@inproceedings{o2008some,
  title={Some topics in analysis of Boolean functions},
  author={O'Donnell, Ryan},
  booktitle={Proceedings of the fortieth annual ACM symposium on Theory of computing},
  pages={569--578},
  year={2008}
}







@article{bonami2008algorithmic,
  title={An algorithmic framework for convex mixed integer nonlinear programs},
  author={Bonami, Pierre and Biegler, Lorenz T and Conn, Andrew R and Cornu{\'e}jols, G{\'e}rard and Grossmann, Ignacio E and Laird, Carl D and Lee, Jon and Lodi, Andrea and Margot, Fran{\c{c}}ois and Sawaya, Nicolas and others},
  journal={Discrete optimization},
  volume={5},
  number={2},
  pages={186--204},
  year={2008},
  publisher={Elsevier}
}

@article{coey2020outer,
  title={Outer approximation with conic certificates for mixed-integer convex problems},
  author={Coey, Chris and Lubin, Miles and Vielma, Juan Pablo},
  journal={Mathematical Programming Computation},
  volume={12},
  number={2},
  pages={249--293},
  year={2020},
  publisher={Springer}
}

@book{conforti2014integer,
  title={Integer programming},
  author={Conforti, Michele and Cornu{\'e}jols, G{\'e}rard and Zambelli, Giacomo and others},
  volume={271},
  year={2014},
  publisher={Springer}
}


@article{shewry1987maximum,
  title={Maximum entropy sampling},
  author={Shewry, Michael C and Wynn, Henry P},
  journal={Journal of applied statistics},
  volume={14},
  number={2},
  pages={165--170},
  year={1987},
  publisher={Taylor \& Francis}
}

@article{ko1995exact,
  title={An exact algorithm for maximum entropy sampling},
  author={Ko, Chun-Wa and Lee, Jon and Queyranne, Maurice},
  journal={Operations Research},
  volume={43},
  number={4},
  pages={684--691},
  year={1995},
  publisher={INFORMS}
}

@book{gantmaher1960oszillationsmatrizen,
  title={Oszillationsmatrizen, oszillationskerne und kleine schwingungen mechanischer systeme},
  author={Gantmaher, Feliks Ruvimovi{\v{c}} and Krejn, Mark Grigor'evi{\v{c}}},
  volume={5},
  year={1960},
  publisher={Akademie-Verlag}
}

@article{kotelyanskii1950theory,
  title={On the theory of nonnegative and oscillating matrices},
  author={Kotelyanski{\i}, DM},
  journal={Ukrain. Mat. Zurnal},
  volume={2},
  number={2},
  pages={94--101},
  year={1950}
}

@article{lubin2018polyhedral,
  title={Polyhedral approximation in mixed-integer convex optimization},
  author={Lubin, Miles and Yamangil, Emre and Bent, Russell and Vielma, Juan Pablo},
  journal={Mathematical Programming},
  volume={172},
  number={1},
  pages={139--168},
  year={2018},
  publisher={Springer}
}

@article{welch1982branch,
  title={Branch-and-bound search for experimental designs based on D optimality and other criteria},
  author={Welch, William J},
  journal={Technometrics},
  volume={24},
  number={1},
  pages={41--48},
  year={1982},
  publisher={Taylor \& Francis}
}

@misc{dfusion,
  doi = {10.48550/ARXIV.2208.03589},
  
  
  author = {Li, Yongchun and Fampa, Marcia and Lee, Jon and Qiu, Feng and Xie, Weijun and Yao, Rui},
  
  keywords = {Optimization and Control (math.OC), FOS: Mathematics, FOS: Mathematics},
  
  title = {D-optimal Data Fusion: Exact and Approximation Algorithms},
  
  publisher = {arXiv},
  
  year = {2022},
  
  copyright = {arXiv.org perpetual, non-exclusive license}
}

@article{adams1986tight,
  title={A tight linearization and an algorithm for zero-one quadratic programming problems},
  author={Adams, Warren P and Sherali, Hanif D},
  journal={Management Science},
  volume={32},
  number={10},
  pages={1274--1290},
  year={1986},
  publisher={INFORMS}
}

@article{iwata1997fast,
  title={A fast parametric submodular intersection algorithm for strong map sequences},
  author={Iwata, Satoru and Murota, Kazuo and Shigeno, Maiko},
  journal={Mathematics of operations research},
  volume={22},
  number={4},
  pages={803--813},
  year={1997},
  publisher={INFORMS}
}

@InProceedings{Goemans,
author="Goemans, Michel X.
and Gupta, Swati
and Jaillet, Patrick",
editor="Eisenbrand, Friedrich
and Koenemann, Jochen",
title="Discrete Newton's Algorithm for Parametric Submodular Function Minimization",
booktitle="Integer Programming and Combinatorial Optimization",
year="2017",
publisher="Springer International Publishing",
address="Cham",
pages="212--227"
}



@article{tuy64,
author = {Tuy, Hoang},
title = {Concave programming under linear constraints},
journal = {Soviet Mathematics},
volume = {5},
pages = {1437-1440},
year = {1964}
}

@book{horsttuy,
         key     = {horsttuy},
         author  = {Horst, R. and Tuy, H.},
         title   = {Global Optimization: Deterministic Approaches},
         publisher = {Springer},
         year    = {1990},
         address = {Berlin},
         comment = {
        }
}


@article{iwata2008submodular,
  title={Submodular function minimization},
  author={Iwata, Satoru},
  journal={Mathematical Programming},
  volume={112},
  number={1},
  pages={45--64},
  year={2008},
  publisher={Springer}
}



@book{crama2011boolean,
  title={Boolean functions: Theory, algorithms, and applications},
  author={Crama, Yves and Hammer, Peter L},
  year={2011},
  publisher={Cambridge University Press}
}

@article{liberti2008spherical,
  title={Spherical cuts for integer programming problems},
  author={Liberti, Leo},
  journal={International Transactions in Operational Research},
  volume={15},
  number={3},
  pages={283--294},
  year={2008},
  publisher={Wiley Online Library}
}


@article{shi2022sequence,
  title={Sequence independent lifting for a set of submodular maximization problems},
  author={Shi, Xueyu and Prokopyev, Oleg A and Zeng, Bo},
  journal={Mathematical Programming},
  pages={1--46},
  year={2022},
  publisher={Springer}
}

@article{balas1971intersection,
  title={Intersection cuts—a new type of cutting planes for integer programming},
  author={Balas, Egon},
  journal={Operations Research},
  volume={19},
  number={1},
  pages={19--39},
  year={1971},
  publisher={INFORMS}
}

@article{wiegele2007biq,
  title={Biq Mac Library—A collection of Max-Cut and quadratic 0-1 programming instances of medium size},
  author={Wiegele, Angelika},
  journal={Preprint},
  volume={51},
  year={2007},
  publisher={Citeseer}
}

@misc{xusignomial,
  doi = {10.48550/ARXIV.2212.02857},
  
  
  author = {Xu, Liding and D'Ambrosio, Claudia and Liberti, Leo and Vanier, Sonia Haddad},
  
  keywords = {Optimization and Control (math.OC), FOS: Mathematics, FOS: Mathematics, 90C10, 90C26, 90C57},
  
  title = {On Cutting Planes for Extended Formulation of Signomial Programming},
  
  publisher = {arXiv},
  
  year = {2022},
  
  copyright = {Creative Commons Attribution 4.0 International}
}

@article{chmiela2022implementation,
  title={On the implementation and strengthening of intersection cuts for QCQPs},
  author={Chmiela, Antonia and Mu{\~n}oz, Gonzalo and Serrano, Felipe},
  journal={Mathematical Programming},
  pages={1--38},
  year={2022},
  publisher={Springer}
}


@inproceedings{ChmielaMunozSerrano2023,
  author    = {Antonia Chmiela and Gonzalo Mu{\~n}oz and Felipe Serrano},
  title     = {Monoidal strengthening and unique lifting in MIQCPs},
  booktitle = {Integer Programming and Combinatorial Optimization: 24th International Conference, IPCO 2023},
  year      = {2023},
  note      = {accepted for publication}
}

@article{fortet1960applications,
  title={Applications de l’algebre de Boole en recherche op{\'e}rationelle},
  author={Fortet, Robert},
  journal={Revue Fran{\c{c}}aise de Recherche Op{\'e}rationelle},
  volume={4},
  number={14},
  pages={17--26},
  year={1960}
}

@article{chen2023multilinear,
  title={Multilinear sets with two monomials and cardinality constraints},
  author={Chen, Rui and Dash, Sanjeeb and G{\"u}nl{\"u}k, Oktay},
  journal={Discrete Applied Mathematics},
  volume={324},
  pages={67--79},
  year={2023},
  publisher={Elsevier}
}

@article{saxena2011convex,
  title={Convex relaxations of non-convex mixed integer quadratically constrained programs: projected formulations},
  author={Saxena, Anureet and Bonami, Pierre and Lee, Jon},
  journal={Mathematical programming},
  volume={130},
  number={2},
  pages={359--413},
  year={2011},
  publisher={Springer}
}

@article{coniglio2022submodular,
  title={Submodular maximization of concave utility functions composed with a set-union operator with applications to maximal covering location problems},
  author={Coniglio, Stefano and Furini, Fabio and Ljubi{\'c}, Ivana},
  journal={Mathematical Programming},
  pages={1--48},
  year={2022},
  publisher={Springer}
}



@article{han2022fractional,
  title={Fractional 0--1 programming and submodularity},
  author={Han, Shaoning and G{\'o}mez, Andr{\'e}s and Prokopyev, Oleg A},
  journal={Journal of Global Optimization},
  pages={1--17},
  year={2022},
  publisher={Springer}
}


@article{atamturk2020submodularity,
  title={Submodularity in conic quadratic mixed 0--1 optimization},
  author={Atamt{\"u}rk, Alper and G{\'o}mez, Andr{\'e}s},
  journal={Operations Research},
  volume={68},
  number={2},
  pages={609--630},
  year={2020},
  publisher={INFORMS}
}

@article{billionnet1985maximizing,
  title={Maximizing a supermodular pseudoboolean function: A polynomial algorithm for supermodular cubic functions},
  author={Billionnet, Alain and Minoux, Michel},
  journal={Discrete Applied Mathematics},
  volume={12},
  number={1},
  pages={1--11},
  year={1985},
  publisher={Elsevier}
}






@article{rhys1970selection,
  title={A selection problem of shared fixed costs and network flows},
  author={Rhys, John MW},
  journal={Management Science},
  volume={17},
  number={3},
  pages={200--207},
  year={1970},
  publisher={INFORMS}
}


@article{atamturk2022supermodularity2,
  title={Supermodularity and valid inequalities for quadratic optimization with indicators},
  author={Atamt{\"u}rk, Alper and G{\'o}mez, Andr{\'e}s},
  journal={Mathematical Programming},
  pages={1--44},
  year={2022},
  publisher={Springer}
}

@article{yu2023strong,
  title={Strong valid inequalities for a class of concave submodular minimization problems under cardinality constraints},
  author={Yu, Qimeng and K{\"u}{\c{c}}{\"u}kyavuz, Simge},
  journal={Mathematical Programming},
  pages={1--59},
  year={2023},
  publisher={Springer}
}

@article{kilincc2021joint,
  title={Joint chance-constrained programs and the intersection of mixing sets through a submodularity lens},
  author={K{\i}l{\i}n{\c{c}}-Karzan, Fatma and K{\"u}{\c{c}}{\"u}kyavuz, Simge and Lee, Dabeen},
  journal={Mathematical Programming},
  pages={1--44},
  year={2021},
  publisher={Springer}
}



@article{bienstock2020outer,
  title={Outer-product-free sets for polynomial optimization and oracle-based cuts},
  author={Bienstock, Daniel and Chen, Chen and Munoz, Gonzalo},
  journal={Mathematical Programming},
  volume={183},
  number={1},
  pages={105--148},
  year={2020},
  publisher={Springer}
}

%% intersection cuts%%

@InProceedings{andersen2013,
author="Andersen, Kent
and Jensen, Anders Nedergaard",
editor="Goemans, Michel
and Correa, Jos{\'e}",
title="Intersection Cuts for Mixed Integer Conic Quadratic Sets",
booktitle="Integer Programming and Combinatorial Optimization",
year="2013",
publisher="Springer Berlin Heidelberg",
address="Berlin, Heidelberg",
pages="37--48",
isbn="978-3-642-36694-9"
}

@Article{	  basu2010a,
  author	= {Basu, Amitabh and Conforti, Michele and Cornu{\'{e}}jols,
		  G{\'{e}}rard and Zambelli, Giacomo},
  issn		= {08954801},
  journal	= {SIAM Journal on Discrete Mathematics},
  number	= {1},
  pages		= {158--168},
  title		= {{Minimal inequalities for an infinite relaxation of
		  integer programs}},
  volume	= {24},
  year		= {2010}
}



@misc{BibEntry2023Jul3,
	title = {{SCIP Doxygen Documentation: nlhdlr{$\_$}quadratic.c Source File}},
	year = {2023},
	month = jul,
    url = {https://www.scipopt.org/doc-8.0.3/html/nlhdlr__quadratic_8c_source.php},
	note = {[Online; accessed 14. Jul. 2023]}
}

@article{cornuejols2013safety,
  title={On the safety of Gomory cut generators},
  author={Cornu{\'e}jols, G{\'e}rard and Margot, Fran{\c{c}}ois and Nannicini, Giacomo},
  journal={Mathematical Programming Computation},
  volume={5},
  pages={345--395},
  year={2013},
  publisher={Springer}
}



@misc{BibEntry2023Jul2,
	title = {{SCIP Doxygen Documentation: examples/GMI/src/sepa{$\_$}gmi.c Source File}},
	year = {2023},
	month = jul,
    url = {https://scipopt.org/doc-8.0.3/html/sepa__gmi_8c_source.php},
	note = {[Online; accessed 11. Jul. 2023]}
}

@misc{BibEntry2023Jul,
	title = {{SCIP Doxygen Documentation: How to add separators}},
	year = {2023},
	month = jul,
	note = {[Online; accessed 6. Jul. 2023]},
    url = {https://www.scipopt.org/doc-8.0.3/html/SEPA.php}
}

@article{laurent2003comparison,
  title={A comparison of the Sherali-Adams, Lov{\'a}sz-Schrijver, and Lasserre relaxations for 0--1 programming},
  author={Laurent, Monique},
  journal={Mathematics of Operations Research},
  volume={28},
  number={3},
  pages={470--496},
  year={2003},
  publisher={INFORMS}
}



@article{vandenberghe1998determinant,
  title={Determinant maximization with linear matrix inequality constraints},
  author={Vandenberghe, Lieven and Boyd, Stephen and Wu, Shao-Po},
  journal={SIAM journal on matrix analysis and applications},
  volume={19},
  number={2},
  pages={499--533},
  year={1998},
  publisher={SIAM}
}

@misc{pict,
 author  = {en:User:Cburnett},
 title   = {Hamming distance 3 bit binary},
 year    = {2007},
 url     = {https://commons.wikimedia.org/wiki/File:Hamming_distance_3_bit_binary.svg},
 note    = {The image is licensed under CC BY-SA 3.0}
}
